3734 5917
321 471 383 538 dib
704 465 893 534 CORNELII
913 468 1045 534 TACITI
1066 471 1271 536 tuusuttilt

321 627 476 695 assidente
497 636 596 696 matre
617 630 752 715 Lepida,
787 646 868 715 quae
896 629 1021 694 florenti
1044 625 1126 695 iiliae
1147 628 1229 696 baud
1252 649 1382 697 concors
1404 634 1559 718 supremis
1581 633 1648 700 eius

321 741 558 809 necessitatibus
579 744 619 807 ad
640 742 875 806 miserationem
898 739 998 806 euicta
1020 751 1104 821 erat,
1136 741 1347 832 suadebatque
1368 733 1409 810 ns'
1430 764 1648 829 percussorem

322 859 541 944 opperiretur:
565 853 712 921 transisse
725 853 839 930 vitam,
862 873 965 938 neque
980 853 1064 920 aliud
1080 875 1172 942 quam
1188 858 1283 921 morti
1306 856 1400 923 decus
1422 857 1646 945 quaerendam.

322 969 377 1035 sed
398 968 503 1035 animo
523 989 580 1055 per
601 967 746 1036 libidines
770 976 920 1051 corrupto
947 965 1025 1032 nibil
1052 971 1218 1036 honestum
1240 968 1354 1044 inerat:
1386 969 1595 1058 lacrimaeque
1617 980 1649 1038 st

299 1092 447 1169 squestus
467 1080 550 1147 irriti
570 1079 778 1156 ducebantur,
801 1101 872 1146 cnm
887 1082 1007 1164 impetu
1029 1083 1216 1148 venientium
1238 1082 1346 1166 pulsae
1368 1081 1469 1159 iores,
1492 1085 1647 1173 astititqua

319 1194 463 1261 tribunus
483 1215 543 1281 per
564 1193 736 1270 silentium,
760 1201 794 1258 at
807 1192 941 1260 libertus
957 1193 1120 1281 increpans
1142 1198 1247 1260 multis
1269 1202 1301 1260 et
1321 1194 1488 1263 seruilibus
1507 1196 1644 1284 probris.

321 1308 380 1394 (38)
405 1317 477 1373 tunc
499 1307 636 1393 primum
657 1305 815 1372 fortunam
841 1327 929 1373 snam
955 1307 1157 1394 introspexit,
1190 1307 1371 1394 ferrumque
1396 1312 1531 1397 accepit,
1564 1310 1647 1397 quod

320 1424 436 1486 irnstra
456 1420 563 1504 ingnio
584 1429 637 1494 aut
658 1421 778 1504 pectori
799 1439 858 1506 per
879 1419 1119 1506 trepidationem
1141 1425 1310 1487 admovens
1324 1425 1388 1488 ictu
1410 1423 1528 1489 tribuni
1550 1432 1649 1490 trans·

320 1535 428 1620 igitur.
467 1553 580 1619 corpus
606 1535 697 1597 matri
725 1552 919 1603 consessum.
958 1537 1192 1620 nuntiatumque
1216 1533 1345 1602 Claudio
1367 1535 1505 1622 epulanti
1528 1540 1648 1621 perisse

283 1669 311 1708 so
320 1647 534 1723 Messalinam,
557 1667 621 1711 non
642 1644 785 1711 distincto
809 1665 863 1710 sua
885 1667 924 1710 an
946 1647 1046 1712 aliena
1066 1667 1171 1713 manu.
1195 1669 1253 1712 nec
1274 1647 1326 1712 illc
1348 1648 1518 1736 quaesivit,
1550 1670 1649 1736 popo-

320 1761 440 1847 scitque
461 1759 606 1845 poculam
629 1765 661 1823 et
682 1758 772 1823 solita
794 1758 939 1824 convivio
965 1758 1143 1825 celebravit.
1181 1781 1222 1825 ne
1243 1761 1357 1827 secutis
1384 1760 1511 1848 quidem
1539 1761 1648 1828 diebus

321 1873 401 1948 odii,
423 1872 547 1957 gaudii,
570 1871 652 1947 irae,
680 1869 841 1948 tristitiae,
872 1870 966 1936 ullius
988 1871 1121 1959 danique
1142 1871 1268 1938 humani
1290 1877 1418 1940 allectus
1440 1875 1528 1960 signa
1549 1877 1646 1951 dedit,

320 2006 384 2052 non
407 2007 477 2052 cum
498 1985 646 2052 laetantes
668 1994 867 2050 accusatores
888 1985 1057 2068 aspiceret,
1080 2006 1142 2049 nou
1164 2007 1235 2050 cum
1250 1985 1331 2052 filios
1345 1995 1532 2053 maerentes.
1556 1987 1650 2054 iuvit·

321 2121 383 2189 quc
404 2099 593 2165 oblivionem
615 2097 683 2164 eius
704 2108 827 2164 senatus
849 2096 1005 2162 censendo
1027 2118 1141 2164 nomen
1164 2106 1194 2163 et
1216 2097 1334 2186 effigies
1353 2099 1481 2185 privatis
1495 2119 1532 2165 ac
1546 2099 1653 2188 publi,

282 2213 365 2279 iscis
387 2212 463 2278 locis
485 2211 705 2277 demovendas.
743 2209 865 2276 decreta
894 2208 1039 2276 Narcisso
1068 2211 1243 2296 quaestoria
1272 2211 1424 2295 insignia,
1457 2212 1648 2278 levissimum

320 2325 437 2393 fastidii
465 2325 548 2399 eius,
581 2345 652 2390 cum
681 2344 773 2409 supra
795 2323 960 2388 Pallantem
984 2331 1015 2386 et
1036 2323 1195 2388 Callistum
1217 2333 1347 2409 ageret.
1367 2372 1375 2388 .
1395 2372 1403 2390 .
1427 2325 1558 2391 bonestn
1579 2325 1650 2413 qui-

321 2442 409 2515 dem,
433 2436 489 2503 sed
510 2458 551 2502 ex
572 2439 642 2522 qnis
664 2435 831 2502 deterrima
852 2444 1036 2511 orerentur,
1058 2437 1190 2503 tristitiis
1212 2437 1317 2502 multis
1332 2441 1345 2468 *
1358 2442 1399 2468 ¹*

394 2575 418 2624 1.
438 2587 486 2638 qus
503 2571 542 2623 Μ.
572 2595 600 2606 -
628 2573 754 2632 supremis
783 2573 837 2619 sias
864 2572 918 2619 sius
944 2571 1138 2620 nscessitatibus
1163 2571 1199 2621 Μ.
1228 2596 1260 2608 -
1289 2571 1314 2620 3.
1335 2572 1576 2632 ilabstatartilii,
1597 2587 1650 2625 non

320 2643 404 2697 maris
422 2645 507 2694 linea.
529 2662 561 2674 ·-
577 2642 603 2692 d.
622 2642 703 2691 nictit
720 2641 758 2691 Μ.
778 2666 811 2676 -
831 2641 987 2702 lacrimsqus
1005 2641 1042 2692 it.
1067 2663 1092 2676 -
1115 2643 1140 2692 b.
1161 2641 1247 2692 ilabet
1265 2646 1398 2707 astititqtss
1421 2645 1447 2694 Μ
1458 2676 1466 2701 .
1489 2656 1541 2693 nott
1566 2647 1651 2696 astitit

320 2717 380 2767 Par.
402 2740 429 2751 -
450 2713 475 2764 6.
498 2713 584 2764 llsbet
600 2717 629 2762 ut
647 2711 689 2770 Μ.
711 2725 763 2760 nan
781 2726 813 2761 uc
833 2709 919 2761 Gneil.
941 2710 1008 2760 bad.
1030 2711 1099 2772 Splr.
1121 2737 1152 2746 —
1174 2713 1259 2762 ilabet
1277 2719 1299 2762 ei
1318 2715 1361 2770 M,
1387 2728 1438 2763 uon
1457 2727 1489 2764 aa
1509 2713 1598 2769 coeit,
1619 2740 1648 2753 -

320 2787 346 2838 8.
368 2786 453 2836 lisbet
471 2793 518 2834 aas
537 2784 580 2841 Μ.
612 2796 663 2833 nna
690 2795 721 2833 ac
746 2779 833 2832 (iasii.
855 2781 921 2831 Edri.
943 2791 1003 2832 ante
1022 2781 1052 2830 it.
1088 2806 1112 2816 -
1142 2781 1229 2834 lisbet
1248 2784 1466 2849 transiqiturbl,
1494 2798 1546 2835 nott
1565 2793 1651 2836 truns-

320 2858 427 2924 fipitur,
448 2864 477 2907 ut
495 2855 560 2905 lidd.
581 2862 641 2904 ante
661 2852 690 2902 B.
722 2874 748 2886 -
779 2853 823 2903 it.
845 2852 931 2902 Habet
949 2850 994 2915 aff.
1016 2853 1059 2908 Μ,
1080 2865 1131 2902 non
1151 2853 1208 2918 ads.
1238 2880 1267 2891 -
1294 2857 1336 2904 13.
1356 2861 1480 2906 merentes
1498 2857 1535 2906 it.
1556 2881 1582 2892 -
1607 2858 1649 2907 ti.

323 2929 409 2978 tisbet
426 2942 458 2977 aa
476 2927 518 2984 Μ,
538 2938 589 2974 uon
607 2931 631 2974 st
651 2922 737 2974 Gnell.
765 2947 793 2960 -
814 2922 857 2973 id.
879 2924 965 2972 itabat
976 2923 1082 2986 fastidii
1099 2925 1137 2982 ii,
1156 2937 1207 2974 non
1219 2925 1419 2989 fatttqiitlneii·
1432 2925 1508 2977 etaiit
1521 2925 1604 2976 Coud.
1619 2952 1650 2964 -

320 2994 412 3060 apra]
431 3012 444 3046 s
463 3009 522 3046 curn
540 2995 622 3045 cende
642 2995 679 3050 Μ.
695 3007 773 3055 quarn
790 3002 878 3044 notem
893 3006 971 3055 saper
982 2995 1093 3052 espiicat
1104 2995 1224 3057 lipcltns,
1236 3000 1273 3044 nti
1284 3010 1346 3046 sane
1360 3005 1486 3057 estsupra
1498 3010 1521 3046 c.
1534 2997 1578 3046 28.
1589 3001 1614 3045 itt
1624 3009 1649 3046 r.

319 3073 466 3129 eaperetsst
479 3075 505 3115 et
518 3066 583 3115 intra
594 3067 636 3124 12,
650 3064 693 3119 a:
712 3067 851 3114 secandam
862 3069 923 3114 satis
938 3077 984 3125 pro
994 3065 1120 3116 arbitratu
1132 3064 1216 3116 Gueii.
1232 3067 1303 3115 ilari.
1316 3068 1390 3117 iiodl.
1402 3068 1453 3120 les.
1464 3067 1534 3126 Splr.
1547 3067 1652 3118 iterati·

321 3139 370 3189 dus
381 3144 431 3188 cet.
441 3162 474 3173 -
485 3143 572 3199 aperst
585 3167 592 3181 .
607 3136 715 3183 isoassta
724 3136 762 3185 Μ.
775 3159 804 3171 -
816 3135 859 3184 17.
871 3137 929 3198 quis
939 3134 996 3196 (per
1005 3135 1204 3198 compendium)
1215 3137 1258 3186 tii:
1269 3138 1361 3199 quibus
1371 3138 1401 3186 ii.
1412 3162 1442 3173 -
1456 3138 1651 3188 iiabstarersss·

321 3216 367 3260 tar
379 3207 417 3258 Μ.
428 3229 460 3240 -
473 3205 559 3255 llsbct
568 3206 683 3254 tristitiis
694 3206 783 3254 mabit
796 3205 839 3261 bd,
855 3218 907 3255 non
919 3207 1036 3255 tristitiis
1049 3207 1141 3255 inultis
1154 3207 1239 3262 lind,
1260 3218 1308 3257 nec
1324 3207 1433 3272 iiapitiis
1444 3209 1535 3258 mattis
1548 3209 1649 3260 Puteal.

319 3305 352 3316 -
362 3277 459 3328 maliis.
474 3275 588 3326 cometis
598 3275 684 3324 Taciti
694 3274 771 3325 Liber
782 3274 913 3335 undecim
926 3275 996 3338 Ecp·
1009 3277 1078 3338 icum
1090 3275 1194 3340 lineola)
1208 3277 1280 3340 incip
1291 3278 1359 3340 (cnut
1372 3278 1429 3332 lin-i
1439 3279 1500 3328 ΧΗ.
1512 3279 1548 3329 Μ.

319 3389 967 3455 ωαῑτοίορίἀαμὶμὶίυεΙηιοΙΙΙςΙιῆΙΙιωΜὼε-
1004 3391 1138 3442 CLAVDI.
1160 3391 1321 3442 CAESARIS
1343 3393 1422 3445 suit.
1449 3389 1650 3445 Gillilidiiicl.

321 3476 393 3538 ptdt,
414 3474 446 3522 dc
463 3469 605 3533 qunt,13.
638 3469 965 3522 liiceutmbsbuttiiiism
1004 3473 1051 3521 EX
1067 3471 1150 3522 Ai'iil
1168 3472 1196 3524 P.
1217 3473 1287 3524 ΧΠ.
1306 3471 1456 3536 (tiamne),
1483 3473 1528 3523 abi
1549 3480 1607 3532 post
1625 3486 1650 3523 r.

321 3554 439 3606 nubilem
458 3549 576 3608 aiii,
598 3552 674 3600 cuius
694 3554 799 3601 aomina
817 3555 885 3601 inter
903 3553 967 3601 aiiss
1004 3551 1166 3602 causostis
1189 3553 1254 3602 baec
1278 3565 1351 3604 erasa
1373 3559 1434 3602 suni
1457 3552 1507 3603 ΕΤ
1531 3551 1653 3601 ΗῊΔΕ

321 3647 414 3685 causas
434 3629 645 3695 proconsulatum
664 3629 768 3680 Atticae
788 3633 920 3680 excusarit
940 3631 966 3688 tt,
1004 3629 1219 3681 Massinissa
1237 3629 1316 3682 Aua.
1344 3644 1374 3682 ac
1393 3639 1451 3693 post
1468 3647 1493 3684 s.
1514 3629 1653 3682 transo-

321 3714 365 3768 ³5.
402 3715 474 3764 lisca
493 3713 596 3762 ridetur
616 3713 698 3771 primo
720 3713 883 3761 matrimonio
902 3724 968 3762 usar
1003 3708 1163 3772 lti'iiQt'd,
1180 3709 1311 3762 EORVM.
1327 3735 1355 3748 -
1375 3709 1483 3777 ssfiqiss]
1504 3711 1653 3772 Supersunt

322 3797 381 3847 dats
406 3794 444 3844 Μ.
465 3793 560 3844 Valerii
586 3791 714 3840 ilessaise
733 3790 837 3841 lisrbsti
867 3804 921 3842 sos·
941 3803 966 3840 a.
1005 3793 1030 3839 iu
1049 3793 1156 3853 gemmis
1175 3791 1244 3850 apud
1265 3793 1375 3853 merges
1393 3793 1516 3855 lconapr.
1535 3804 1602 3842 rant.
1625 3803 1651 3852 p.

320 3877 382 3928 tta.
402 3875 473 3932 iiiia,
499 3885 587 3933 aquo
606 3874 772 3921 matrimomo
792 3877 852 3921 nata
871 3872 968 3922 blessa-
1004 3868 1064 3918 stt.
1086 3894 1116 3905 -
1136 3867 1254 3934 [cesidii]
1277 3871 1406 3922 eTentum
1433 3879 1488 3922 erat
1506 3871 1653 3930 fastidium,

321 3957 384 4008 tina.
423 3953 507 4002 Aliter
525 3953 647 4013 Lipsius,
679 3953 724 4015 qui
749 3964 806 4002 eant
826 3951 967 4001 vocatilo·
1005 3954 1075 3999 isaia
1094 3955 1259 4012 arrogantis,
1289 3965 1341 4013 qus
1368 3957 1394 4001 in
1414 3964 1506 4002 omnes
1526 3952 1654 4005 abuteba-

321 4039 421 4086 mittem
441 4033 582 4092 Lepidam.
602 4033 681 4082 tiitsm
702 4032 730 4080 Ι..
749 4031 857 4081 Domitii
877 4033 968 4082 etia·
1005 4037 1064 4088 tar,
1094 4037 1123 4078 ut
1141 4031 1190 4081 boc
1209 4030 1314 4082 honoris
1334 4036 1435 4096 insigne
1456 4046 1563 4095 prorsus
1582 4038 1653 4084 inso-

322 4120 409 4168 iouiae
428 4116 552 4171 maioris,
571 4115 675 4162 amitam
696 4111 816 4162 Neronis.
839 4134 866 4146 -
893 4112 968 4162 duce·
1005 4109 1078 4159 litum
1106 4111 1167 4160 alies
1194 4113 1219 4160 in
1246 4112 1356 4172 liberto,
1389 4115 1412 4162 si
1432 4117 1459 4163 itt
1477 4120 1529 4164 tam
1553 4115 1652 4177 ingenti

322 4190 431 4256 bantur]
446 4206 499 4254 quo
513 4198 622 4241 mortem
636 4191 826 4253 aliquantulum
840 4191 965 4242 dttlerret.
1006 4192 1121 4252 potentia
1142 4202 1183 4238 res
1202 4195 1317 4240 omniunt
1339 4191 1466 4243 iastssisna
1488 4193 1651 4245 uideretur.»

322 4270 967 4337 -pretiosissimum,apertaeaiiqusutorninus
1005 4270 1129 4320 Similiter
1156 4270 1187 4318 de
1215 4269 1332 4321 l’silants
1357 4270 1424 4322 Plio.
1455 4271 1522 4334 lipp.
1552 4272 1587 4331 8,
1615 4272 1651 4323 ds

322 4354 460 4411 violenter,
472 4355 580 4413 quamsi
593 4354 615 4401 si
626 4352 747 4402 eilractse
758 4359 854 4401 essent·
866 4351 966 4400 Seneca
1006 4349 1110 4398 Placuit
1136 4361 1193 4398 acre
1216 4351 1326 4410 sipnars
1343 4362 1432 4400 omnes
1449 4351 1560 4400 tonores
1577 4351 1654 4413 sasti-

321 4434 381 4485 iiat.
401 4433 508 4494 Quaest.
528 4430 555 4480 d.
575 4429 681 4481 Praei:
713 4432 802 4480 amica
826 4431 850 4479 si
874 4431 968 4478 ostiam
1004 4429 1145 4478 diosissimt
1169 4429 1295 4488 mancipii
1305 4442 1313 4485 ,·
1346 4430 1470 4493 idemque
1489 4428 1586 4493 Penes.
1606 4431 1650 4480 55.

320 4513 444 4576 impastis,
464 4517 545 4573 prata
562 4517 616 4560 est:
635 4511 757 4572 qratior,
776 4512 798 4560 si
816 4508 925 4573 effreqit.
1005 4512 1088 4571 iungit
1099 4509 1235 4572 fastidiam
1247 4512 1270 4557 si
1283 4508 1441 4569 superbiam.
1470 4509 1560 4559 lduitis
1581 4510 1653 4560 bian-

357 4588 526 4654 diistomess]
548 4588 773 4647 Cir.i}rnt.it³,
795 4589 966 4639 i.ltsscr.tn.
1006 4588 1077 4637 ditur
1104 4591 1269 4646 coniectura,
1312 4599 1389 4648 quarn
1426 4587 1652 4649 praebuitsed,

321 4674 380 4722 Lat.
399 4671 430 4722 Ν.
446 4670 527 4720 'lotia
545 4667 609 4718 ΡΜ)
622 4668 754 4719 satira
770 4669 814 4720 rt.
833 4666 967 4719 essunt.
1005 4667 1124 4732 sartiqtt,
1147 4667 1173 4716 id
1195 4673 1252 4723 est,
1272 4673 1423 4727 potentiae.
1443 4675 1472 4717 ut
1491 4668 1523 4729 3,
1543 4667 1596 4719 aa:
1620 4682 1652 4719 ac

323 4749 493 4802 cassiam.
525 4747 603 4799 aia.
634 4745 835 4797 casualiter.
867 4749 966 4798 sotir.
1005 4753 1091 4796 tamen
1128 4747 1209 4794 initia
1242 4747 1345 4809 sastiqii
1372 4747 1527 4797 Caesaribus
1564 4755 1649 4798 aaut.

321 4827 870 4882 tux.Tutn.t³0r.t'11.cos.iitt.
895 4829 967 4878 isii’.
1007 4827 1102 4876 ilerum
1129 4825 1201 4876 ntea.
1221 4825 1297 4875 tactio
1328 4823 1385 4886 (der
1403 4829 1533 4891 qeriupsts
1552 4823 1653 4890 Gepsss·

322 4909 346 4960 X
352 4910 380 4958 V.
401 4911 429 4958 Ρ.
446 4910 472 4957 Ρ.
486 4908 650 4960 CENSORlS
652 4937 856 4959 ........
875 4907 970 4957 ΗΒΕ·
1004 4901 1209 4966 εῐαηά(6τιιπᾱ)
1222 4907 1303 4955 ssiass
1314 4905 1489 4957 llabsrrttsstbss
1506 4905 1651 4970 thtltctsl

322 4987 517 5052 liOiii'diQi'li
530 5020 651 5039 .....
679 4986 730 5036 EX
747 4985 835 5039 VOTO
854 4984 969 5037 SVSCE·
1007 4987 1089 5036 rnuito
1103 4993 1142 5035 est
1152 4986 1338 5047 significantior
1351 4992 1430 5050 atque
1441 4989 1608 5049 exquisitior.
1620 5013 1650 5024 -

323 5067 399 5120 sto.
429 5069 458 5119 c.
493 5067 616 5119 tritis.
651 5066 726 5118 SEX.
761 5065 792 5117 F.
824 5065 968 5127 coltineiia
1007 5067 1099 5116 Ultima
1118 5079 1178 5116 vero
1198 5069 1232 5116 tta
1252 5067 1437 5128 muttitsunt,
1456 5072 1591 5132 uinaque
1610 5081 1653 5120 et·

323 5145 967 5216 aino).rosmtis.1²1tstsr.sssrrrtst.
1007 5148 1097 5207 plicari
1116 5158 1165 5198 nce
1182 5150 1268 5196 sanari
1287 5153 1395 5212 queant.

878 5271 1097 5286 Ἦ
