3734 5917
369 536 431 602 toti
747 533 937 601 CORNELII
961 532 1095 600 asciri
1116 533 1323 600 suusiitiit

369 694 506 774 ambitu,
527 716 567 761 ne
587 713 666 780 rapa
689 691 805 778 effugia
825 691 950 770 forent,
981 713 1017 757 ac
1039 699 1143 758 umen
1164 695 1298 779 spatium
1320 694 1483 780 amplexus
1504 697 1543 759 ad
1566 692 1628 759 sim
1649 714 1701 760 rc·

367 808 472 895 migii,
498 805 739 894 gubernantium
760 814 859 880 artes,
888 806 1023 892 impetus
1045 804 1171 870 narium
1193 815 1225 872 ei
1247 804 1365 890 praelio
1388 807 1489 872 solita.
1524 809 1557 871 in
1579 805 1699 871 ratibus

367 923 597 1007 praetoriamm
619 919 794 985 cohortium
815 919 967 1003 manipuli
987 927 1172 1005 turmaeque
1194 922 1396 995 adstiterunt,
1420 921 1605 1004 antepositis
1626 938 1703 1006 pro-

367 1037 568 1122 pugnaculis,
591 1052 631 1099 ex
652 1024 721 1118 quis
743 1031 916 1119 catapultae
930 1031 1134 1120 ballistaeque
1147 1037 1362 1100 tenderentur.
1385 1034 1506 1118 reliqua
1521 1032 1607 1098 laeua
1623 1031 1703 1098 clas·

345 1149 455 1214 ssiarii
493 1145 583 1213 tectis
610 1147 742 1211 navibus
771 1144 965 1210 obtinebunt.
1012 1149 1098 1229 ripas
1121 1153 1152 1212 et
1180 1146 1276 1212 colles
1311 1167 1347 1210 ac
1376 1146 1528 1212 montium
1558 1145 1641 1210 edita
1667 1147 1701 1210 iu

366 1263 495 1326 modum
516 1261 633 1324 theatri
654 1257 820 1323 multitudo
841 1261 1007 1324 innumera
1029 1258 1199 1342 complevit
1218 1259 1371 1347 proximis
1394 1281 1412 1324 a
1434 1260 1631 1343 municipiis,
1670 1265 1703 1323 et

366 1373 421 1440 alii
442 1371 521 1439 urbe
542 1393 582 1438 ax
603 1372 687 1458 ipsa,
708 1370 831 1437 visendi
851 1371 1000 1458 cupidine
1021 1381 1075 1438 aut
1097 1371 1201 1437 officio
1223 1373 1255 1438 in
1277 1372 1464 1457 principem.
1496 1373 1563 1458 ipso
1584 1373 1702 1456 insigni

298 1548 303 1563 ,
365 1487 605 1572 paludamento,
630 1504 733 1570 neque
754 1483 865 1571 procul
886 1484 1057 1572 Agrippina
1080 1484 1240 1574 chlamyde
1262 1494 1385 1559 aurata,
1409 1489 1607 1568 praesedere.
1642 1505 1702 1571 pu-

368 1608 516 1685 gnatum,
540 1618 727 1684 quamquam
748 1599 832 1662 inter
852 1605 978 1674 sontes,
1002 1597 1130 1663 fortium
1151 1601 1292 1664 virorum
1315 1599 1438 1676 animo;
1472 1617 1507 1662 ac
1528 1604 1601 1684 post
1621 1598 1702 1662 mul-

328 1720 433 1778 catum
448 1712 615 1779 vulnerum
628 1709 783 1777 occidioni
797 1709 936 1794 exempti
959 1719 1040 1774 sunt.
1087 1709 1148 1794 (57)
1171 1714 1226 1776 sed
1248 1709 1388 1796 perlecto
1411 1711 1590 1796 spectaculo
1611 1731 1701 1796 aper·

366 1835 432 1893 tum
454 1844 606 1910 aquarum
627 1825 698 1889 iter.
735 1826 857 1889 incuria
878 1825 985 1909 operis
1007 1823 1168 1889 manifesta
1190 1827 1267 1898 luit,
1296 1829 1379 1890 haud
1402 1827 1475 1889 satis
1498 1827 1638 1908 depressi
1660 1823 1701 1889 ad

365 1939 450 2004 lacus
464 1939 528 2004 ima
548 1937 601 2003 vel
614 1936 729 2002 media.
763 1956 882 2024 eoque,
905 1944 1050 2020 tempore
1072 1937 1251 2012 interiecto,
1274 1939 1367 2002 altius
1389 1937 1496 2003 effossi
1517 1957 1646 2023 specus,
1668 1945 1700 2002 el

364 2054 595 2119 contrahendae
617 2070 727 2116 rursus
749 2049 942 2115 multitudini
972 2050 1181 2135 gladiatorum
1204 2049 1415 2134 spectaculum
1439 2049 1559 2124 editur,
1592 2049 1699 2114 inditis

364 2168 513 2252 pontibus
534 2165 713 2247 pedestrem
734 2164 775 2228 ad
794 2182 944 2249 pugnam.
968 2165 1044 2248 quin
1066 2173 1097 2230 at
1116 2165 1294 2230 convivium
1318 2162 1445 2229 ellluvio
1465 2166 1551 2228 lacus
1574 2161 1700 2248 apposi-

433 2327 459 2378 3.
479 2333 612 2389 turmaque
629 2326 668 2378 Μ.
696 2349 730 2364 -·
755 2326 782 2376 ii.
802 2326 955 2390 ballistaque
972 2329 1010 2380 Μ.
1035 2353 1062 2365 -
1083 2330 1109 2379 5.
1132 2328 1219 2379 Habet
1236 2330 1309 2378 tectis
1326 2327 1367 2387 Μ,
1388 2341 1440 2378 non
1458 2328 1539 2377 rectis
1557 2327 1643 2377 liben-
1667 2350 1696 2363 -·

364 2403 418 2462 opt.
438 2399 476 2450 Μ.
508 2425 536 2435 -
564 2412 596 2447 ae
615 2411 667 2448 om.
687 2395 724 2446 Μ.
744 2397 860 2448 Inseruit
883 2397 1052 2450 Puteolanus.
1076 2398 1116 2448 Ad
1135 2401 1280 2464 asyndeton
1300 2399 1457 2450 Doederlein
1477 2405 1611 2459 comparat
1629 2397 1696 2446 iiist.

362 2470 396 2527 3.
424 2468 478 2519 kd:
506 2481 566 2519 eum
590 2473 718 2531 quattuor
744 2468 949 2530 speeaiamrtius
974 2476 999 2520 et
1025 2470 1109 2519 trihus
1134 2472 1241 2524 amicis,
1268 2471 1374 2520 totidem
1396 2471 1598 2520 emistrianum.
1620 2491 1650 2502 -
1669 2466 1696 2515 a.

363 2541 474 2591 ehmide
491 2540 528 2590 ii.
558 2561 589 2576 -·
614 2539 768 2603 praesidere
792 2539 830 2588 Μ.
850 2537 1007 2592 Emendarit
1032 2540 1152 2601 Lipsius3
1184 2554 1298 2592 errorem
1321 2542 1435 2590 restituit
1455 2539 1581 2590 Waiiher.
1612 2563 1641 2576 ··-
1670 2537 1696 2586 u.

363 2625 460 2675 qssaaq.
478 2610 553 2661 ΜΒ.
583 2631 617 2646 ·-
650 2612 693 2660 io.
721 2609 809 2660 llahet
831 2611 958 2662 occidioni
984 2611 1021 2663 Μ.
1050 2635 1081 2647 -
1108 2613 1151 2662 is.
1171 2611 1259 2663 Habet
1280 2613 1386 2663 incursu
1407 2611 1451 2672 Μ,
1479 2623 1532 2661 non
1552 2609 1699 2660 stisasurs'a

361 2682 467 2734 Puteal.
488 2681 619 2734 walther.
640 2706 668 2719 -
691 2681 734 2733 13.
753 2694 783 2731 eo
800 2693 851 2744 quo
868 2681 908 2733 Μ.

276 2808 284 2832 ’
362 2817 413 2868 liio
441 2818 491 2879 oo,
519 2816 571 2868 33τ
603 2822 699 2879 τεῖχος
728 2817 793 2887 περὶ
821 2814 876 2882 τὴν
906 2815 1012 2882 λίμνην
1048 2817 1074 2866 h.
1095 2817 1113 2867 i.
1133 2821 1291 2880 opinentur,
1324 2821 1351 2869 in
1371 2819 1442 2870 larus
1461 2820 1527 2878 ripa.
1549 2839 1580 2852 -
1612 2815 1696 2864 tende-

244 2886 253 2902 '
362 2894 481 2961 ξύλινον
496 2892 694 2949 κατεσκεύασε
717 2897 767 2946 καὶ
787 2891 868 2966 ἴκρια
894 2890 1009 2961 ἔπηξεν.
1049 2895 1150 2960 rentur}
1175 2897 1299 2957 ionibus,
1324 2899 1356 2947 ad
1376 2899 1532 2948 sternendos
1551 2897 1694 2946 missilibus

362 3005 378 3016 -
395 3005 411 3016 -
429 2977 460 3027 ol
481 2975 512 3028 di
540 2976 576 3042 δὴ
599 2971 860 3041 ναυμαχήσαντες,
891 2971 1011 3042 3ανάτῳ
1050 2991 1108 3038 eos,
1132 2981 1178 3040 qui
1197 2979 1305 3028 tortasse
1324 2979 1439 3040 euagere
1462 2984 1630 3028 conarentur.
1662 2999 1696 3010 -

361 3051 398 3118 δὴ
424 3054 701 3119 καταδεδικασμένοι
719 3047 816 3119 ἦσαν,
841 3053 892 3103 καὶ
909 3051 1010 3118 τεντή-
1048 3054 1189 3120 classiarii]
1211 3059 1325 3108 damnati
1345 3058 1399 3116 ilii,
1420 3061 1466 3119 qui
1485 3057 1638 3120 depugnare
1650 3055 1697 3104 de·

360 3147 453 3184 κοντα
470 3132 543 3196 ναῦς
559 3131 696 3205 ἑκάτεροι
711 3130 807 3195 εἶχον,
826 3133 857 3182 oi
875 3131 931 3196 pis
947 3127 1011 3182 Ῥό·
1049 3136 1163 3195 babent,
1182 3139 1215 3187 sd
1235 3151 1356 3188 rarorum
1376 3138 1568 3188 classiariorum
1587 3135 1695 3185 modum

360 3211 433 3271 δῖοι,
452 3211 484 3262 Οἱ
492 3210 523 3262 δὲ
536 3211 651 3263 Σικελοὶ
669 3206 896 3277 ὀνομασθέντες.
932 3210 1007 3262 Suet·
1049 3219 1133 3267 restiti
1151 3224 1231 3280 sique
1250 3222 1352 3266 armati.
1373 3240 1405 3254 -
1435 3213 1524 3279 tectis]
1552 3221 1613 3265 sunt
1630 3213 1697 3279 νῆες

361 3290 455 3342 Claud.
474 3290 519 3338 ui.
539 3290 633 3341 aliter:
664 3291 722 3340 Hoc
746 3290 891 3353 spectaculo
919 3291 1011 3341 classis
1048 3295 1084 3349 τὰ
1103 3293 1341 3367 καταστρώματα
1359 3290 1494 3358 ἔχουσαι.
1532 3295 1650 3358 Thucyd.
1667 3294 1694 3351 ’1,

359 3371 451 3423 Slwlti
474 3379 498 3422 tl
523 3369 629 3420 ledt'ti
653 3377 860 3428 mittissimis
890 3371 1010 3421 (1¹⁴⁰th-
1048 3378 1091 3426 tt).
1118 3389 1140 3426 s.
1169 3373 1375 3444 κατάφρακτοι
1401 3375 1471 3426 Piut.
1499 3377 1525 3424 in
1550 3375 1648 3437 Pyrrho
1668 3385 1694 3434 p.

358 3467 479 3504 aarum
496 3451 645 3501 triremium
661 3450 789 3514 siaqulae.
827 3451 863 3500 st
880 3463 1010 3501 sensere·
1048 3457 1109 3506 391.
1127 3477 1153 3490 -·
1175 3453 1283 3518 aurata]
1303 3455 1353 3505 iiie
1373 3455 1390 3505 i.
1406 3450 1490 3506 i.=‘0
1507 3455 1538 3506 ‹ii
1552 3451 1696 3514 Κλαύδιος

360 3532 468 3584 dictitas
513 3538 553 3582 est
595 3530 629 3581 ad
674 3529 836 3591 undeviginti
875 3530 1009 3581 hominum
1049 3531 1122 3587 ὅτε
1146 3535 1247 3606 Νέρων
1273 3536 1487 3602 στρατιωτικῶς
1513 3533 1696 3599 ἐστάλησαν,

359 3614 431 3664 milia
450 3610 603 3672 recipienda
617 3611 756 3672 requisitas
775 3621 833 3659 esse
852 3621 931 3660 nares
950 3623 1010 3660 een·
1048 3612 1116 3682 ἤη
1129 3609 1291 3685 Ἀγριππίνα
1307 3612 1434 3678 χλαμύδι
1454 3609 1604 3683 ὼαχρύσῳ
1628 3611 1695 3662 ῥχο.

359 3698 426 3742 tum.
446 3690 562 3755 (creater
573 3702 697 3752 suppose,
719 3701 782 3738 avae
793 3689 1008 3750 oraisamhioaee,
1048 3701 1162 3758 σμεῑτο.
1182 3694 1281 3743 i’iiuius
1295 3693 1340 3750 33.
1355 3694 1401 3742 iii:
1415 3695 1467 3744 ilos
1478 3693 1592 3741 uidimus
1604 3691 1697 3754 spria-

359 3784 427 3835 itit.
456 3783 526 3833 pour
550 3770 640 3820 reunia
663 3783 701 3818 urs
725 3767 762 3817 tel
777 3768 883 3818 nombre
899 3769 931 3819 de
950 3783 1009 3819 coa·
1044 3775 1139 3835 pinam
1157 3773 1260 3823 Claudii
1270 3775 1416 3836 principis,
1436 3773 1525 3822 edente
1544 3784 1574 3820 eo
1592 3770 1697 3820 naualis

360 3848 482 3911 Missis,
513 3863 548 3900 oa
564 3864 596 3900 aa
613 3850 688 3900 avait
705 3847 824 3898 ramasse'
837 3847 955 3907 perdam
974 3864 1010 3898 urs
1045 3852 1141 3915 proelii
1158 3853 1346 3913 spectaculum,
1376 3852 1536 3901 adsidentem
1554 3853 1596 3906 ei,
1620 3851 1696 3900 tadu-

359 3935 442 3993 tamps
458 3930 519 3994 plus
537 3942 572 3978 ou
587 3930 672 3979 moins
689 3927 769 3989 lona,
789 3929 856 3977 dares
874 3935 957 3978 toules
972 3929 1010 3978 ies
1049 3939 1103 3981 iam
1127 3931 1333 3992 paludamento,
1361 3945 1427 3980 auro
1451 3931 1537 3980 tentiis·
1561 3933 1617 3980 siae
1641 3931 1697 3982 aliu

357 4012 460 4073 parties
482 4011 514 4060 de
531 4009 653 4072 l'empira.
672 4004 827 4064 bunnam.)
869 4008 942 4058 Belia
970 4017 1009 4061 esi
1046 4013 1171 4060 matario.

360 4091 394 4140 de
419 4091 469 4140 hae
493 4087 650 4139 naumachia
676 4090 791 4138 narratio
813 4086 931 4139 Suetonii
952 4089 969 4138 i.
990 4089 1006 4138 i.

362 4195 389 4207 -
423 4165 540 4231 ambitu]
571 4168 649 4217 Teste
679 4167 803 4218 Fahretio
832 4168 947 4218 ambitus
972 4169 1006 4220 ls-
1080 4169 1125 4220 57.
1154 4183 1283 4234 aquomsm
1309 4167 1370 4233 iter]
1402 4172 1578 4222 emissarium.
1599 4193 1629 4206 -
1657 4169 1696 4218 oel

360 4261 406 4300 cue
434 4262 481 4310 per
506 4250 614 4299 lacinias
638 4249 744 4298 sinuum
770 4254 797 4296 et
815 4251 1008 4309 promontorio·
1045 4247 1141 4312 media]
1161 4251 1201 4299 sei
1220 4251 1310 4299 saitem
1331 4249 1436 4304 media.
1471 4262 1504 4300 ne
1529 4249 1616 4300 media
1636 4251 1695 4311 qui·

359 4343 417 4383 runa
442 4334 469 4380 iu
496 4341 558 4379 aum
587 4331 782 4379 excurrentium
806 4335 846 4378 esi
863 4326 949 4378 XXX.
967 4330 1005 4380 iii.
1046 4329 1165 4388 dem;id
1178 4331 1250 4392 quod
1266 4329 1415 4380 auiiecisset
1427 4330 1460 4381 ad
1475 4330 1609 4379 dimidiam
1624 4336 1694 4380 certe

358 4410 390 4460 P·
410 4415 436 4460 st
456 4411 537 4464 uitiis
559 4408 709 4458 rotundatis
727 4408 832 4458 flexuris
850 4407 948 4458 XXVi.
968 4409 1004 4460 Μ.
1045 4413 1116 4462 incus
1135 4418 1233 4471 partam
1253 4412 1279 4458 tn
1298 4411 1414 4460 Tiberim
1433 4410 1614 4460 emittendam.
1650 4409 1694 4472 (Ui

357 4491 388 4541 P.
417 4496 444 4539 et
470 4489 558 4552 peuilo
582 4489 693 4549 amplius
721 4488 832 4538 obtinet.
858 4488 947 4538 liuor.
974 4515 1004 4528 -
1047 4505 1093 4552 par
1120 4498 1188 4542 esset
1215 4493 1381 4540 emissarium
1410 4489 1480 4540 laeua
1501 4489 1692 4551 protunditeti,

358 4585 391 4620 oc
402 4578 492 4621 tamea
506 4567 634 4632 spatium]
655 4581 815 4631 quamquam
834 4569 934 4620 ratibus
953 4573 1007 4621 cin·
1044 4576 1065 4621 si
1080 4584 1131 4622 nou
1146 4574 1208 4630 toti,
1224 4578 1293 4620 certe
1308 4568 1432 4630 mediae.)
1447 4591 1476 4602 —
1490 4566 1590 4631 sparsas]
1605 4575 1693 4618 monte

358 4658 400 4701 eto
420 4651 497 4706 issu,
529 4656 630 4699 taniam
653 4652 874 4710 tamenspatium
893 4663 1005 4702 saeuum
1044 4652 1121 4703 attius
1139 4654 1217 4700 etism
1237 4659 1373 4713 perrupto.
1412 4649 1694 4699 aoneatdesroeissrs

357 4729 574 4792 relinquebatur,
603 4735 732 4789 quantum
749 4728 883 4780 sufficeres
900 4729 934 4779 ad
953 4732 1005 4779 aim
1045 4727 1176 4792 dpercer.
1196 4732 1242 4780 des
1259 4743 1327 4780 saue
1344 4729 1362 4780 d
1380 4729 1521 4778 diioumer
1536 4735 1560 4778 et
1572 4725 1590 4776 d
1601 4727 1691 4777 ileum.

359 4814 460 4874 remigii
479 4815 530 4858 eet.
556 4808 637 4858 iibere
662 4808 833 4859 exserendam
852 4816 932 4872 etque
953 4823 1007 4859 om·
1047 4811 1119 4859 aussi
1137 4810 1164 4859 la
1181 4817 1324 4870 messapus
1341 4811 1442 4860 ast-elle
1460 4820 1553 4858 encore
1577 4809 1691 4868 semplie,

358 4893 420 4949 uia,
439 4901 509 4950 quae
528 4890 555 4937 in
572 4900 635 4939 sero
648 4888 749 4949 proelio
767 4889 823 4938 lieri
842 4890 941 4951 soient,
961 4890 1006 4940 de·
1045 4903 1076 4939 aa
1093 4895 1151 4939 tout
1168 4903 1243 4948 scas,
1264 4889 1295 4938 da
1313 4891 1426 4952 quieries
1443 4891 1640 4938 conterremur:
1659 4901 1693 4935 aa

358 4969 537 5020 monstranda.
556 4993 589 5002 -
607 4965 719 5031 ratibus]
739 4969 766 5018 h.
785 4967 802 5016 l.
824 4973 930 5032 proprio
949 4982 1006 5020 aen·
1043 4968 1204 5033 qdieouore
1231 4983 1280 5019 uae
1305 4971 1374 5019 suite
1393 4971 1423 5020 ds
1441 4967 1539 5019 cooite's
1556 4966 1692 5018 omiicalss

358 5063 408 5107 su.
435 5049 538 5101 Florae,
563 5046 695 5096 rudeouc.
716 5071 748 5084 -
778 5044 1003 5112 propuprsacults]
1044 5063 1075 5098 ess
1091 5048 1174 5108 soreres
1191 5049 1222 5098 de
1239 5051 1310 5109 palie
1326 5050 1473 5111 profonda.
1503 5061 1539 5097 au
1563 5047 1611 5097 has
1637 5046 1693 5095 sles-

359 5128 557 5182 Brusteoeisrea,
580 5132 722 5187 paropsis.
751 5139 819 5190 quae
837 5131 865 5179 in
884 5131 947 5188 ipsis
966 5140 1006 5178 re·
1043 5129 1130 5193 queis,
1155 5142 1189 5178 oa
1204 5131 1266 5189 peut
1284 5139 1311 5177 se
1328 5130 1422 5179 rendre
1435 5140 1489 5190 por
1508 5127 1554 5176 des
1570 5123 1692 5176 coadulta

358 5208 429 5262 libus
456 5211 587 5259 exstructa
614 5214 704 5267 erant,
735 5219 805 5269 non,
835 5215 865 5258 ut
882 5210 1004 5278 plerique
1042 5209 1088 5276 qui
1105 5213 1165 5258 saut
1179 5205 1317 5273 praiiquds
1340 5206 1592 5271 aspiraturum.»
1622 5203 1692 5255 Bua-
