3734 5917
622 500 742 568 unm
768 500 853 571 xiv.
897 500 972 587 cap.
997 498 1049 567 as.
1073 497 1125 566 ss.
1476 492 1537 561 sss.

208 662 334 731 vinciali
350 661 421 731 ioco
442 664 547 741 ortus,
568 664 753 751 proceribus
774 661 906 729 ciriietis
925 662 1136 729 adnumerori
1156 659 1240 726 inter
1259 654 1381 724 nobiies
1399 661 1431 723 et
1443 656 1539 740 longa

209 780 325 844 decora
358 776 571 864 praeferentes
601 779 723 844 novitas
754 796 827 843 mea
859 776 990 843 enituitt
1024 772 1080 841 ubi
1109 781 1157 840 est
1186 773 1307 839 animus
1334 770 1387 837 ilie
1408 768 1538 837 modieis

209 896 392 959 contentus?
428 890 498 957 talis
518 894 628 957 hortos
650 892 801 967 exstrrsit,
835 897 866 955 et
886 909 945 976 per
965 888 1042 955 hoec
1063 884 1240 953 suburbana
1259 886 1391 961 incedit,
1419 890 1451 949 et
1471 890 1539 949 tan·

208 1007 248 1070 tis
279 1024 428 1090 agrorum
455 1006 575 1091 spatiis,
608 1012 671 1069 tam
698 1003 763 1070 isto
791 1002 901 1072 ienore
922 1000 1101 1069 exuberati'
1136 1020 1199 1066 une
1227 996 1367 1067 defensio
1394 996 1539 1073 occumit·

208 1120 293 1206 quod
324 1117 505 1185 muneribus
536 1117 598 1185 tuis
631 1116 732 1183 obniti
763 1114 829 1184 nou
860 1116 968 1183 debui.
1014 1113 1075 1200 (st)
1109 1117 1164 1181 sed
1197 1120 1329 1201 uterque
1361 1128 1564 1177 mensuratus

209 1229 410 1317 iupierimus,
448 1240 481 1297 et
514 1241 563 1308 tu,
594 1239 743 1317 quantum
770 1231 916 1318 princeps
944 1228 1082 1295 tribucre
1111 1230 1212 1294 amico
1239 1230 1362 1311 posset,
1403 1232 1435 1289 ei
1468 1241 1540 1309 ego,

208 1352 359 1429 quantum
381 1345 498 1409 amicus
519 1364 539 1409 a
555 1344 698 1429 principe
715 1346 869 1431 accipere.
886 1353 990 1409 cetera
1004 1344 1150 1409 invidiam
1166 1347 1290 1425 augent.
1307 1359 1387 1426 quae
1402 1338 1539 1423 quidem,

207 1464 243 1523 ut
260 1457 366 1524 omnia
385 1456 543 1533 mortalia,
565 1456 647 1524 inire
670 1466 755 1523 tuam
784 1458 1028 1542 magnitudinem
1054 1456 1153 1535 iacet3
1187 1456 1242 1519 sed
1267 1452 1345 1519 mibi
1369 1448 1536 1517 incumbit:

277 1640 304 1691 i.
324 1640 438 1707 decoro]
466 1657 531 1696 suro
549 1643 588 1694 Μ.
607 1644 783 1696 Emendsium
802 1646 829 1695 in
849 1642 935 1695 Gueii.
956 1648 982 1694 et
1000 1657 1013 1694 a
1032 1641 1186 1694 Puteolano.
1215 1666 1250 1681 -
1270 1640 1296 1689 ³·
1315 1640 1402 1692 Habet
1420 1640 1482 1690 tuiis
1498 1637 1538 1697 Μ,

208 1695 345 1762 bonitates
365 1713 455 1765 Obesi.
486 1741 516 1752 -
544 1718 642 1766 estruit
661 1713 721 1779 (sie)
739 1717 783 1766 bt:
807 1716 916 1765 instruit
935 1714 955 1763 li
974 1727 1032 1764 eum
1052 1714 1124 1763 ilari.
1144 1712 1220 1763 Bodi.
1240 1713 1293 1762 les.
1311 1710 1381 1761 oue.
1401 1718 1427 1763 et
1445 1710 1540 1760 Puteo·

207 1782 278 1832 iano.
297 1805 329 1817 -
349 1783 376 1834 ii.
395 1784 460 1845 inpi.
480 1785 527 1835 bi:
546 1787 620 1848 impi.
641 1787 671 1833 ii.
700 1812 729 1824 -
753 1791 783 1835 tu
801 1799 853 1837 orn.
871 1784 909 1835 Μ.
932 1808 963 1820 -
981 1784 1007 1834 7.
1027 1791 1131 1837 caetera
1148 1782 1187 1834 Μ.
1211 1806 1240 1819 -
1260 1788 1338 1845 spent
1355 1781 1394 1834 Μ.
1421 1780 1541 1831 Correxit

207 1851 376 1904 Puteolanus.
396 1854 449 1905 Cir.
464 1854 494 1905 C.
507 1854 550 1905 58.
569 1856 716 1920 opebsmtur
733 1856 761 1905 Μ
780 1870 826 1917 pro
846 1854 1023 1915 cuqebcntur.
1046 1854 1168 1913 (lacobus
1185 1853 1299 1906 metebat
1310 1848 1401 1915 cunt.)
1414 1874 1440 1889 -
1453 1852 1540 1901 issent

207 1922 246 1974 Μ.
265 1921 383 1975 Correxit
401 1926 525 1987 Lipsius:
545 1926 609 1976 iiiud
629 1927 777 1988 praetulere
795 1925 935 1983 Weitber,
956 1926 1058 1984 littter,
1083 1924 1252 1977 iioederiein.
1268 1948 1296 1961 -
1311 1922 1338 1972 8.
1351 1919 1466 1972 insumit
1479 1932 1539 1971 cum

207 1993 364 2116 ssn'pww
388 1994 438 2046 iitt.
458 1995 484 2047 is
502 1992 681 2063 (incumbunt).
702 1996 820 2048 Correxit
850 1998 970 2058 cipetum
1004 1996 1067 2048 iiind
1097 1994 1245 2059 praetulere
1272 1992 1537 2055 Weisner‚.1iitnr,

233 2076 265 2115 oa
285 2065 377 2119 eriein.

208 2229 731 2292 nemo,opinor,dirit.n1in1³.-in
747 2226 853 2295 umbre]
892 2231 1036 2281 instructos
1069 2230 1142 2297 pisus
1175 2229 1275 2294 ispoott
1307 2231 1377 2287 eet-3
1407 2226 1539 2290 simulque

210 2308 301 2371 sQuae
321 2312 347 2361 in
366 2313 466 2373 private
485 2314 537 2362 rita
563 2313 690 2370 tractari,
716 2310 853 2363 tormenta
893 2312 1022 2374 significat
1057 2312 1135 2364 aedes
1172 2322 1202 2361 ac
1241 2311 1359 2373 porticus
1393 2310 1419 2358 in
1456 2308 1539 2359 bortis

208 2389 348 2452 Sumptnm
373 2404 404 2442 ex
431 2390 577 2452 Cicerone,
604 2394 632 2442 ni
660 2391 754 2451 tutior,
781 2390 853 2451 apud
892 2396 1049 2441 exstructos.
1064 2416 1095 2428 -
1113 2387 1221 2454 incedit]
1240 2391 1272 2439 in
1291 2389 1341 2440 boe
1358 2403 1383 2440 r.
1403 2393 1445 2439 est
1461 2388 1540 2451 sigui-

208 2484 288 2535 quem
307 2471 339 2520 de
357 2470 436 2534 begg-
454 2470 487 2531 3,
514 2471 541 2522 6.
566 2474 646 2523 etiam
664 2477 725 2521 sunt
749 2470 855 2521 umbre·
892 2470 979 2520 ficatio
998 2472 1179 2522 ostentationis
1200 2482 1231 2520 ac
1246 2469 1396 2530 superbias·
1416 2468 1487 2517 Exn.
1507 2490 1540 2505 ·-

208 2550 270 2601 suto
286 2550 447 2602 eruditorum
463 2555 488 2601 st
505 2552 606 2612 otium,
627 2562 695 2615 quae
714 2563 855 2614 opponnn-
892 2555 948 2599 turn
966 2550 1020 2601 icto
1038 2547 1145 2615 [encre]
1171 2550 1241 2611 toto,
1269 2552 1332 2612 quia
1350 2548 1540 2599 tenerationem

208 2637 251 2681 tur
269 2629 318 2680 scii
336 2635 363 2679 et
380 2630 463 2690 usim,
483 2630 533 2680 boc
550 2637 607 2690 est,
634 2631 854 2682 administrationi
892 2644 968 2681 snam
987 2631 1139 2682 extenderat
1157 2642 1242 2692 neque
1261 2630 1288 2679 in
1302 2628 1464 2679 Britanniam
1479 2624 1540 2691 (iiio

209 2712 245 2762 rei
265 2709 397 2773 pubiicee.
443 2709 501 2760 iton
520 2711 564 2761 bic
582 2711 615 2761 de
633 2711 719 2760 sebois
739 2712 855 2774 eogitari·
892 2710 944 2767 db,
970 2706 1009 2774 2.)
1034 2722 1064 2761 ac
1091 2709 1262 2773 probabiliter
1285 2708 1413 2770 peratiae
1433 2719 1540 2769 qnoque

208 2790 271 2841 dum
295 2802 354 2840 cnm
381 2788 506 2840 Piebena.
534 2790 603 2841 liure·
640 2790 753 2853 Quintii.
772 2792 804 2849 1,
825 2788 852 2850 2,
892 2791 1040 2852 provincias
1066 2790 1271 2853 iongiuquioree.
1294 2789 1457 2846 inveniti,
1487 2784 1539 2838 152

209 2868 260 2921 18:
297 2868 420 2919 soiitoria
453 2874 478 2919 et
508 2871 580 2921 osiut
605 2870 756 2921 umbratico
782 2871 852 2921 nite.
893 2869 1062 2933 Temporibus
1088 2870 1155 2920 diris
1184 2870 1268 2933 ipitur
1285 2870 1409 2933 iussuque
1426 2866 1540 2918 Neronis

209 2950 337 2999 «Locutio
356 2962 372 3000 e
391 2948 497 3000 Graecis
516 2953 645 3013 repetita,
669 2949 702 3002 ἐν
720 2949 791 3020 σκιᾷ
811 2965 855 3001 ss·
891 2950 1042 3014 Lonpinum
1069 2956 1093 2999 et
1116 2961 1226 3015 mspnos
1249 2947 1361 2999 Senecae
1381 2948 1542 3010 praediuitis

206 3028 380 3101 θραμμένα,
408 3034 529 3093 opposita
547 3036 610 3094 τοῖς
627 3029 659 3081 e'r
673 3026 746 3098 ἡλίῳ
763 3029 854 3081 καθα·
891 3031 980 3081 tortos
999 3028 1100 3080 Clausit
1117 3052 1153 3066 ··
1172 3028 1239 3081 Toto
1257 3027 1359 3079 coiens.

207 3107 248 3181 ρῲ
271 3108 494 3180 τεθραμμένοις.
530 3108 596 3160 Piet·
616 3109 729 3161 Phaedr.
749 3122 776 3171 p.
789 3108 851 3160 239.

208 3188 257 3239 C.»
276 3187 363 3239 Bscu.
380 3212 411 3224 -
431 3185 555 3251 educato]
575 3188 700 3239 Similiter
712 3188 766 3238 Cic.
778 3188 851 3241 Orat.
924 3189 969 3239 st.
990 3184 1155 3252 mensurum]
1175 3191 1241 3242 iutra
1262 3200 1340 3251 quam
1361 3187 1468 3249 utrique
1488 3186 1539 3237 iam

208 3268 259 3319 12:
292 3269 403 3318 educatu
419 3268 497 3317 iuius
515 3267 629 3331 (generis
650 3266 855 3333 ἐπιδεικτικοῡ)
890 3268 1086 3320 subsistendum
1105 3274 1153 3320 eet.
1186 3294 1217 3307 -
1249 3263 1351 3330 cetero]
1383 3277 1488 3328 oquae,
1517 3266 1539 3318 si

207 3348 372 3397 nutrimentis
390 3347 538 3413 eloquentie
555 3350 614 3409 ipsu
631 3362 658 3399 se
673 3355 767 3409 postea
784 3348 854 3397 scio·
891 3356 937 3399 tna
961 3348 1010 3401 aiis
1035 3351 1115 3400 etiem
1136 3350 1199 3400 mibi
1219 3347 1431 3398 circumdeturus
1458 3357 1537 3404 essee,

207 3432 254 3475 rot
271 3433 296 3475 et
313 3426 433 3477 roboret.
462 3452 495 3465 ·-
523 3428 636 3492 quibus]
663 3434 703 3478 cst
728 3427 851 3483 dativus,
891 3430 1000 3478 nimium
1020 3435 1148 3490 quonium
1173 3428 1241 3478 haue
1259 3438 1410 3478 mensuram
1430 3423 1540 3475 excede·

207 3518 258 3556 nec
285 3518 343 3555 cum
370 3505 435 3570 lieg.
464 3506 535 3569 Spir.
556 3508 606 3571 ieg-
625 3522 639 3558 e
656 3507 750 3572 quibus
767 3504 855 3571 (mibi)
892 3513 951 3559 rent
969 3522 1057 3571 neone
1076 3508 1177 3558 iamed
1197 3513 1306 3559 mutuae
1324 3510 1393 3558 iuter
1412 3506 1540 3557 notami-

206 3588 288 3636 oenit.
336 3586 394 3637 iioc
423 3588 614 3639 modestissime
645 3600 733 3638 rursus
770 3587 852 3638 dicits
892 3590 970 3639 attiae
1003 3591 1118 3641 rationes
1163 3590 1353 3650 pertinerent.»
1403 3586 1539 3648 Siguiticet

211 3666 322 3717 «studia
348 3679 406 3717 inea
441 3668 502 3717 ideo
530 3672 641 3719 maxime
669 3667 852 3721 claritudinem
891 3670 1047 3731 praesertim
1074 3668 1181 3717 nimiam
1209 3668 1361 3729 hortorum,
1389 3665 1539 3716 iatitnndio·

207 3746 303 3808 edepta
332 3751 409 3801 sunt,
440 3750 504 3809 quia
531 3748 653 3799 omnibus
686 3747 853 3798 menitestum
893 3762 967 3807 rum,
986 3748 1136 3799 divitiarum
1150 3746 1373 3811 magnitudinem,
1393 3748 1538 3809 quaedam

208 3831 265 3878 erat
294 3837 325 3876 ee
352 3827 517 3889 potissimum
546 3830 585 3877 tni
617 3828 745 3878 iormsodi
772 3829 853 3891 gretia
892 3831 960 3879 intra
986 3830 1069 3879 iustos
1096 3826 1161 3877 tinea
1183 3826 1305 3889 redacta,
1336 3837 1420 3889 aeque
1446 3830 1539 3875 testata

207 3909 330 3968 suscepta
344 3918 418 3964 esse:
437 3912 517 3969 atque
535 3905 600 3957 baec
617 3908 674 3969 ipsa
692 3909 852 3958 conscientia
893 3912 1011 3958 maneret
1028 3908 1167 3970 utriusque
1185 3907 1308 3957 amicitia·
1342 3929 1370 3942 -
1402 3910 1432 3954 ut
1451 3904 1541 3955 omnio

207 3984 304 4049 grande
324 3998 415 4037 eorum
435 3986 581 4046 praemium
598 3987 663 4036 mibi
682 3992 850 4048 reputor·
891 3983 1035 4050 mortatic]
1066 3985 1335 4050 «quoniamquidem
1354 3992 1383 4035 tu
1402 3984 1539 4035 bominum

205 4066 343 4128 preeuntem
355 4060 563 4127 circumdedisti]
575 4064 638 4129 Agr.
652 4066 701 4115 20:
720 4068 855 4131 europiam
892 4079 1010 4119 summus
1029 4079 1086 4118 es.»
1101 4092 1134 4101 -
1152 4066 1222 4117 tuest
1238 4090 1250 4101 ·
1267 4090 1279 4101 ·
1295 4060 1435 4127 incumbit]
1455 4064 1540 4116 diuite

207 4143 376 4206 sumompoei
383 4143 563 4195 cicumdedit.
576 4170 604 4181 -
612 4145 774 4207 prouinciali
786 4142 853 4209 ioco]
893 4150 978 4209 aptius
997 4146 1062 4197 baee
1080 4147 1209 4195 sententia
1229 4143 1261 4195 ad
1274 4144 1403 4193 inuidiam
1416 4142 1538 4196 retertur.

207 4223 346 4275 Cordubae
371 4226 398 4272 in
419 4223 545 4284 iiispania
570 4236 600 4276 ex
619 4227 736 4287 equestri
756 4224 854 4275 tansitis
893 4228 974 4277 Error
992 4225 1065 4278 bied.
1087 4230 1158 4276 ortus
1178 4230 1218 4275 est
1242 4236 1272 4275 ex
1296 4223 1539 4275 accommodatione

206 4303 335 4355 Romana.
364 4303 470 4354 boues.
500 4329 529 4341 -
556 4302 636 4367 tonsu
655 4301 761 4367 decoro]
787 4307 855 4357 aad·
892 4307 925 4355 ad
945 4320 985 4357 rr.
1007 4308 1128 4367 propiora
1146 4309 1232 4355 cetero
1249 4327 1260 4340 ·
1279 4326 1291 4338 ·
1310 4315 1395 4367 quoe.
1415 4306 1453 4355 uti
1472 4302 1539 4353 maie

208 4396 287 4447 quam
306 4385 436 4435 bonorum
455 4384 561 4433 seriem.
582 4382 634 4434 Cir.
655 4384 723 4433 ittet.
744 4386 778 4442 1,
798 4385 851 4434 td:
891 4386 1055 4450 iungebant,
1075 4388 1120 4449 qui
1141 4384 1255 4447 piuraies
1273 4384 1444 4435 substituere.
1483 4382 1539 4434 iios

207 4464 256 4515 tibi
270 4464 373 4529 instpne
389 4463 524 4526 Suipictce
548 4476 581 4513 oe
598 4462 722 4513 Lutatius
748 4460 855 4527 (xeniis)
893 4467 1000 4531 quidem
1019 4466 1159 4516 artitieiose
1179 4467 1396 4526 interpretatione
1415 4462 1540 4525 plausibi-

209 4545 305 4594 decoro
315 4542 449 4593 noiiiituti
461 4546 526 4591 tuce
537 4542 670 4591 adiecisse.
686 4566 717 4578 -
732 4543 854 4605 exstruit]
893 4547 930 4597 ies
955 4545 1067 4597 reddere
1092 4545 1211 4597 nonnulii
1240 4546 1327 4595 conati
1358 4550 1438 4595 sunt:
1472 4543 1539 4601 «Te.

206 4622 333 4684 Pierioue
358 4620 449 4685 (etque
479 4622 535 4682 ipse
562 4620 665 4671 Beiriser
693 4633 752 4672 cum
781 4622 854 4671 tisri.
893 4629 942 4677 etsi
962 4638 1025 4689 opes
1043 4632 1104 4677 tuas
1123 4636 1154 4677 ae
1179 4627 1295 4688 potentia
1321 4624 1457 4675 mortalem
1484 4636 1540 4675 mo·

207 4702 283 4753 lindi.
297 4701 348 4752 ies.
360 4697 554 4766 itud-Puteoi.)
568 4700 708 4751 ediderunt
725 4703 853 4752 instruit:
893 4708 957 4758 dum
982 4705 1129 4764 excedunt,
1160 4706 1257 4756 insidia
1285 4706 1327 4755 cui
1353 4706 1475 4764 superior
1500 4716 1538 4761 ex.

206 4782 253 4833 ssd
272 4785 402 4831 restrum
420 4786 460 4832 est
478 4780 606 4843 anuum.
626 4786 655 4830 nt
673 4782 704 4828 ii
718 4816 725 4840 ‚
740 4782 775 4829 1³
795 4782 855 4830 dtr·
894 4793 1000 4851 tangere
1019 4787 1131 4847 neqnits
1156 4786 1202 4836 sed
1222 4787 1317 4836 nimiae
1338 4795 1402 4844 opes
1422 4786 1540 4846 quemvis

207 4867 249 4911 tot
262 4858 417 4916 extollebat,
435 4860 463 4909 id
481 4860 552 4922 quod
572 4860 651 4909 timui
670 4861 855 4921 complectitur
892 4867 974 4917 sonito
994 4868 1045 4915 tuis
1058 4868 1189 4920 minores,
1209 4877 1250 4915 ms
1265 4865 1393 4925 priraiurn
1407 4863 1539 4915 bominem

209 4955 233 4991 s.
261 4940 409 4995 instruere,
436 4950 529 4990 ornare
556 4938 734 4999 superieceris,
762 4942 853 5004 signis,
893 4940 1003 4986 onerant
1031 4942 1111 4998 etque
1139 4935 1317 4997 deprimunt.»
1356 4932 1421 4992 Vei,
1447 4940 1476 4982 ut
1502 4938 1541 4984 ait

207 5019 304 5071 tabuiis
329 5021 405 5079 pistis
432 5024 500 5077 eet-x
531 5023 558 5069 et
581 5030 629 5080 per
652 5032 681 5069 se
707 5024 853 5080 spectatum
892 5014 1067 5067 Doederieins
1099 5012 1262 5066 «Verborum
1289 5015 1391 5065 numeri
1418 5010 1538 5065 subiecto

207 5100 286 5149 etiem
304 5097 392 5148 tortos
409 5098 540 5147 instruere
559 5103 659 5147 rectum
684 5105 733 5148 est.
777 5097 854 5161 Papi·
893 5098 1084 5156 eomparxtiree
1103 5096 1308 5151 enuntiationis.
1334 5092 1423 5142 omniu
1439 5098 1539 5142 mortu-

207 5181 301 5231 nteous
323 5179 352 5230 in
371 5176 430 5241 ⁰¹⁸·
449 5174 499 5239 tt,
518 5175 551 5240 i,
570 5174 625 5226 ut:
655 5175 739 5228 Pater
765 5177 854 5230 tortos
892 5176 945 5232 iic,
966 5174 1156 5227 accommodati
1178 5177 1254 5236 sunt,
1280 5184 1349 5234 non,
1380 5172 1538 5238 utruigaris
