3734 5917
574 469 692 534 iuuit
711 467 785 532 xii.
829 468 904 552 (lap.
925 467 979 533 64.
1003 469 1056 534 65.
1078 470 1130 534 dd·
1153 469 1205 533 ti.
1500 469 1563 534 tis

225 647 352 694 omnem
381 625 535 703 conscili,
571 626 692 694 maiore
718 627 840 712 flagitio
867 648 961 715 φησι
989 628 1016 694 si
1042 627 1258 713 inpudicitiam
1283 627 1399 715 prioris
1419 627 1562 712 coniugis

225 740 416 808 retinuisset.
440 761 628 828 quamquam
649 763 691 807 ne
712 740 928 827 inpudicitiam
949 740 1077 827 quidem
1089 762 1170 807 nunc
1191 738 1301 807 abesse
1323 739 1461 808 Pallante
1475 741 1564 808 udul-

226 863 312 932 tero,
335 873 376 920 ne
390 856 461 939 quie
475 854 613 941 ambigat
633 857 753 931 decus,
775 853 948 938 pudorem,
972 875 1104 939 corpus,
1127 865 1238 921 cuncta
1257 873 1355 940 reguo
1374 853 1487 922 viliora
1508 852 1562 922 lra-

226 971 312 1032 bere.
334 970 414 1032 baec
431 975 525 1054 atque
542 967 618 1034 talia
638 966 784 1034 dictitans
804 969 950 1054 amplecti
972 966 1205 1045 Britannicum,
1229 970 1328 1035 robur
1342 968 1453 1034 aetatis
1468 987 1562 1055 quem

225 1082 444 1146 maturrimum
463 1083 604 1165 precari,
627 1083 784 1148 modoad
805 1083 882 1148 deos
904 1078 1054 1147 modoad
1075 1081 1178 1165 ipsum
1193 1082 1322 1147 tendere
1338 1101 1463 1158 munus,
1486 1084 1585 1147 ado·s

225 1195 375 1271 lesceret,
396 1197 495 1279 patris
508 1196 653 1259 inimicos
667 1192 858 1280 depelleret,
881 1192 991 1260 matris
1004 1194 1098 1258 etiam
1114 1190 1333 1260 interfectores
1347 1193 1562 1262 ulcisceretur.

227 1305 289 1392 (bii)
311 1309 345 1374 in
370 1315 455 1373 tanta
479 1306 564 1373 mole
582 1327 729 1373 curarum
750 1307 928 1374 valetudine
949 1309 1080 1374 adversa
1101 1305 1287 1391 corripitur,
1321 1307 1563 1395 refovendisque

227 1422 349 1486 viribus
368 1419 500 1487 mollitia
519 1421 642 1487 coellet
662 1418 845 1487 salubritate
867 1440 1018 1508 aquarum
1035 1420 1214 1486 Sinuessam
1233 1419 1348 1508 pergit.
1371 1429 1437 1488 tum
1452 1425 1562 1508 Agrip·

227 1534 319 1622 pina,
342 1536 471 1600 sceleris
492 1533 567 1599 olim
589 1542 676 1600 certa
696 1542 729 1600 et
749 1532 872 1599 oblatae
890 1532 1065 1601 occasionis
1086 1554 1240 1618 propera,
1263 1555 1322 1600 nec
1342 1533 1562 1602 ministrorum

227 1667 344 1732 egens,
375 1651 415 1712 de
437 1667 553 1732 genere
573 1647 688 1714 veneni
712 1647 917 1723 consultavit,
949 1668 989 1713 ne
1009 1646 1176 1733 repentino
1199 1656 1231 1713 et
1253 1647 1417 1735 praecipiti
1441 1646 1601 1716 larinusse

226 1763 432 1848 proderetur;
463 1760 629 1827 silentum
650 1768 682 1827 et
702 1763 841 1827 tabidum
867 1762 1052 1846 delegisset,
1080 1781 1120 1826 ne
1138 1762 1282 1827 admotus
1299 1760 1455 1848 supremis
1472 1760 1564 1828 Clau-

227 1873 299 1940 dius
314 1883 347 1940 et
360 1875 434 1940 dolo
450 1874 610 1940 intellecto
624 1877 664 1940 ad
678 1894 819 1941 amorem
833 1874 892 1940 iiiii
908 1873 1042 1940 rediret.
1067 1876 1256 1962 exquisitum
1275 1877 1392 1962 aliquid
1408 1871 1561 1960 placebat,

229 1985 315 2075 quod
338 1991 481 2054 turbaret
502 1997 639 2054 mentem
662 1996 694 2053 et
715 1996 850 2056 moroem
872 1987 1026 2054 differret.
1050 1989 1199 2073 deligitur
1213 1987 1327 2056 sudsex
1341 1987 1449 2054 talium
1470 2008 1564 2056 rose·

226 2098 302 2166 bnle
320 2103 472 2180 Locusta,
493 2122 597 2188 nuper
617 2103 760 2168 veneficii
780 2099 925 2167 damnata
946 2109 978 2166 et
998 2101 1052 2167 diu
1074 2101 1158 2168 inter
1174 2104 1382 2170 instrumenta
1403 2100 1492 2187 regni
1509 2099 1564 2168 lrs·

226 2215 303 2278 bita.
327 2212 396 2279 eius
415 2214 557 2281 mulieris
571 2216 701 2299 ingenio
715 2224 857 2301 paratum
871 2217 978 2292 sirus,
1002 2217 1090 2282 cuius
1106 2214 1250 2282 minister
1263 2236 1282 2282 e
1297 2214 1488 2303 spadonibus
1502 2211 1599 2285 initis

226 2325 376 2405 llalotus,
406 2327 523 2393 inferre
544 2331 652 2414 epnias
673 2337 705 2393 et
725 2329 894 2412 explorare
916 2335 1008 2413 gustu
1028 2315 1150 2395 solitus.
1196 2327 1257 2414 (67)
1283 2328 1425 2414 adeoque
1452 2335 1563 2394 cuncta

226 2458 302 2506 mox
333 2448 524 2526 pernotuere
556 2448 591 2506 ut
620 2450 799 2527 temporum
830 2441 956 2508 iliorum
989 2443 1158 2526 scriptores
1191 2441 1391 2529 prodiderint
1425 2439 1563 2507 inlusum

298 2625 323 2673 1.
342 2623 399 2687 inp.
420 2623 521 2674 bisbis
540 2625 604 2687 imp.
624 2624 655 2674 B.
678 2647 708 2660 -
730 2623 756 2674 2.
773 2626 922 2675 retinuisset
934 2625 1029 2676 liitter.
1048 2649 1074 2659 -
1090 2637 1188 2689 occup.
1201 2624 1228 2676 Μ
1241 2626 1272 2676 it.
1287 2646 1319 2658 -
1331 2627 1358 2678 4.
1376 2623 1564 2676 britannicum

225 2688 265 2742 ti.
294 2717 325 2730 -
352 2694 378 2744 5.
395 2691 475 2759 poert
492 2694 530 2744 Μ.
562 2721 589 2731 -
617 2695 645 2745 7.
666 2707 790 2744 cererem
808 2696 959 2745 ocirtudine
976 2695 1021 2746 iti:
1050 2709 1174 2745 cerasum
1194 2695 1319 2748 Claudius
1337 2695 1484 2747 contudisse
1502 2705 1562 2746 eunt

226 2761 372 2814 Puteolano
390 2767 420 2814 it.
443 2789 473 2802 -
493 2766 520 2816 8.
539 2765 626 2816 Habet
643 2766 757 2816 moltitie
775 2766 803 2816 Μ
822 2766 910 2827 spir..
929 2779 981 2816 uon
1001 2767 1110 2818 moltitie
1128 2767 1217 2820 eneti.
1235 2768 1302 2820 iidd.
1323 2773 1383 2820 ante
1402 2765 1562 2818 Bellorum.

228 2855 258 2869 -
276 2835 404 2886 snbsitote
422 2834 493 2900 (add.
513 2849 544 2887 es
563 2847 630 2887 sorr.
650 2834 687 2893 iss)
704 2836 742 2888 Μ.
765 2861 794 2873 -
815 2839 858 2886 11.
876 2833 976 2902 separis
991 2836 1030 2889 ui.

226 2991 378 3058 indulgeat,
398 2991 542 3044 dnmmodo
554 2994 590 3045 iia
604 2992 810 3044 dominationem
822 2992 872 3043 sibi
911 2987 959 3045 ὅτι
984 2991 1038 3044 τὸν
1064 2988 1235 3060 Νάρκισσον
1261 2987 1292 3056 ἐς
1309 2990 1485 3059 Καμπανίαν
1511 2986 1562 3056 (et

226 3083 328 3136 peret.»
365 3073 438 3124 ilaec
456 3078 552 3126 rectior
570 3073 676 3125 ridetur
691 3077 873 3134 interpretatio
911 3085 1008 3124 nueass
1026 3078 1114 3123 antem
1133 3071 1201 3123 Latii
1217 3071 1343 3133 oppidum
1362 3073 1389 3122 in
1402 3070 1562 3137 Campaniae

227 3168 306 3217 uuam
324 3155 447 3216 vulgate,
479 3169 510 3206 er
536 3167 589 3216 uua
607 3154 640 3203 ad
660 3168 683 3206 r.
704 3154 795 3204 babere
813 3168 874 3215 sup·
911 3153 1043 3203 sondnios
1066 3151 1135 3201 ilist.
1155 3154 1187 3208 i,
1205 3149 1252 3201 ¹12.
1270 3150 1400 3212 Plinii,
1418 3152 1477 3211 4.),
1494 3167 1564 3224 spo·

226 3235 299 3298 pient
316 3233 507 3299 Apsipps'sscsssr
536 3248 596 3285 narn
616 3233 746 3284 sirudieat
768 3239 875 3286 senteu-
910 3229 1003 3294 φάσιν
1019 3225 1059 3294 ὥς
1076 3231 1125 3280 καὶ
1146 3235 1209 3294 τοῖς
1222 3225 1310 3282 ὕδασι
1328 3235 1392 3294 τοῖς
1408 3229 1471 3282 terr
1488 3227 1564 3302 πρὸς

225 3318 280 3371 tia,
309 3316 375 3365 adeo
399 3315 566 3366 manitestum
585 3326 642 3365 esse
661 3317 718 3364 eins
738 3328 797 3365 euru
816 3313 874 3364 Psi·
910 3309 965 3377 sris
986 3307 1137 3381 ποδάγραν
1155 3305 1358 3380 χρησόμενον.
1378 3312 1563 3380 seposuisses·

227 3393 298 3446 iente
310 3393 484 3454 adulterium,
505 3401 534 3444 nt
552 3407 629 3446 nemo
649 3394 682 3445 de
701 3405 732 3445 eo
752 3394 873 3444 dubitsre
909 3399 988 3456 ψον·
1019 3389 1080 3441 ἐπεὶ
1108 3388 1255 3461 παρόντος
1275 3405 1308 3456 ys
1326 3384 1420 3442 adseri
1447 3385 1503 3442 ories
1524 3383 1563 3440 ἄν

229 3477 327 3538 possit,
358 3478 438 3526 immo
457 3489 547 3527 omnes
568 3476 728 3537 perspiciant
746 3487 803 3525 erm
829 3475 874 3526 de·
910 3485 980 3522 sose
998 3465 1072 3521 αὐτὸ
1085 3465 1240 3539 ἐδεδράκει.
1278 3469 1359 3520 lteris
1379 3475 1441 3521 ante
1459 3481 1501 3520 me
1517 3468 1563 3521 de·

227 3569 274 3609 eus
297 3560 347 3606 cet.
367 3569 448 3618 resno
466 3564 633 3618 postponere.
663 3578 692 3590 -
719 3557 816 3605 sacrm
832 3555 874 3604 in·
910 3551 997 3602 terere
1016 3563 1041 3600 ν.
1063 3547 1191 3598 Ctendtes
1208 3547 1563 3602 Busnonietituebnes.-·

225 3631 385 3700 terfectoses]
403 3635 461 3687 lion
480 3645 533 3688 tarn
553 3636 674 3685 Enodnru
694 3636 806 3698 eiusque
828 3635 875 3686 sd·
910 3626 999 3692 serta]
1027 3631 1070 3679 cui
1089 3631 1141 3680 iarn
1159 3629 1222 3679 oiim
1242 3630 1415 3680 constitutum
1434 3634 1490 3681 ersi
1507 3640 1563 3682 see·

226 3721 326 3770 tutores
350 3729 397 3779 pro
422 3723 507 3769 seusei
539 3720 594 3777 ipsa
626 3715 731 3768 ridetur
758 3715 874 3768 subdere
910 3709 950 3760 ius
967 3712 1140 3760 summittere.
1168 3707 1275 3760 buren.
1301 3733 1331 3746 -
1361 3706 1411 3774 sse]
1431 3716 1561 3770 metuens,

226 3796 285 3864 (ti,
314 3794 391 3860 ³1),
422 3810 501 3860 quesn
525 3797 626 3859 iissre,
658 3800 687 3844 ut
712 3798 747 3846 ita
777 3796 873 3855 dicasn,
911 3803 945 3841 ae
963 3795 1014 3840 cet.
1045 3812 1080 3823 -
1108 3785 1242 3850 tabidam}
1272 3789 1426 3850 tabtiisum,
1459 3787 1563 3853 φθίσιν

226 3878 357 3930 rhetorica
382 3890 428 3929 usa
447 3878 496 3927 boe
514 3877 621 3926 diceres
656 3873 773 3926 alternet
791 3878 873 3938 ipsam
911 3869 1045 3927 sidetem,
1066 3873 1096 3917 ut
1108 3868 1180 3932 virg.
1194 3868 1262 3918 Aen.
1276 3869 1308 3928 3,
1329 3867 1399 3920 ibis
1420 3868 1514 3920 tabido
1526 3894 1539 3907 ·
1551 3893 1563 3908 ·

227 3963 323 4018 etiarn,
352 3961 441 4008 matris
468 3966 530 4008 tuse
551 3953 772 4017 inierieetrirem,
800 3961 872 4015 tunc,
911 3950 975 4001 isses.
1011 3948 1085 3999 Suet.
1104 3948 1165 3998 Tib.
1184 3947 1234 3998 'iiis
1260 3961 1387 4000 οιαιααια
1405 3949 1503 4000 testem
1520 3953 1563 4000 nt·

226 4042 249 4090 si
267 4039 347 4100 libet,
369 4038 488 4089 interilce
499 4037 526 4088 t»
910 4041 961 4094 pase
978 4028 1121 4093 tabificam.
1138 4052 1168 4065 -
1183 4027 1220 4078 od
1232 4041 1349 4079 αιαονιαι
1358 4023 1418 4094 iiiii]
1431 4027 1505 4081 Suet
1520 4027 1560 4081 ct.

911 4108 963 4159 tt:
983 4107 1036 4158 sub
1054 4109 1128 4159 erite
1145 4109 1216 4160 oties
1232 4109 1309 4174 α’ρασ
1320 4109 1448 4173 medem
1459 4123 1506 4161 nes
1518 4110 1563 4161 ob·

260 4196 306 4248 se.
325 4210 453 4248 susurrem
468 4190 629 4257 ualetudine]
648 4193 707 4244 soii.
724 4192 873 4243 Nereissus.
911 4201 989 4238 seura
1003 4189 1159 4250 poenitentis
1174 4187 1206 4237 de
1216 4188 1387 4239 matrimonio
1399 4188 1563 4256 Apripptstce

228 4277 496 4339 denominantes..
516 4273 635 4327 Vaticani
655 4287 717 4333 ser,
745 4274 875 4324 Parisien-
912 4269 993 4332 deoru
1017 4267 1128 4318 Nmonts
1155 4269 1297 4331 adoptione
1323 4269 1430 4320 dedam
1452 4275 1504 4322 cet.
1527 4291 1563 4308 -

226 4371 268 4410 ses
304 4359 375 4418 duo,
414 4357 464 4407 Ed.
496 4355 566 4417 spir.
597 4366 644 4417 pro
669 4353 773 4416 vulgato
800 4365 876 4402 core·
912 4345 1036 4410 locuste]
1049 4350 1252 4399 emesenorum
1262 4347 1384 4400 irretiisse
1395 4356 1471 4402 vocat
1483 4349 1560 4403 snat.

227 4449 288 4488 suas
306 4437 433 4490 ctnasdies
450 4435 612 4493 oohtodioe,
631 4445 701 4496 quae
721 4432 797 4484 tectio
816 4433 877 4481 nitt-
912 4429 975 4481 Ner.
990 4425 1051 4489 ³³„
1070 4425 1243 4499 φαρμακίδα
1256 4425 1434 4502 περιβόητον
1448 4429 1500 4482 lito
1514 4429 1560 4491 eo,

230 4523 273 4570 tur
302 4519 428 4571 Vaticano
458 4519 589 4579 septimo,
632 4514 740 4565 Garnae
771 4520 876 4564 exarato
913 4509 957 4560 at.
995 4507 1060 4560 Esus
1080 4507 1162 4558 Geiba
1180 4506 1312 4570 supplicio
1328 4508 1426 4560 siiesit.
1455 4509 1495 4560 id.
1514 4509 1560 4566 44,

228 4615 254 4653 a.
274 4599 373 4660 itte..
392 4605 419 4652 ei
438 4597 489 4649 itt.
508 4595 612 4649 Puteoi.
649 4594 799 4644 Absurdnrn
826 4593 877 4642 bos
912 4587 939 4639 3.
958 4611 993 4624 -
1010 4590 1189 4639 instrumento
1206 4584 1291 4653 reperi]
1310 4591 1385 4641 euius
1403 4601 1454 4651 ope
1473 4602 1487 4642 e
1506 4601 1563 4643 mv

229 4694 288 4734 esse
306 4679 451 4740 emblema,
472 4689 552 4741 quern
569 4676 660 4742 insere
681 4673 788 4737 potasti
820 4671 877 4723 Pri·
914 4668 1174 4728 diotoiierenturit,
1194 4671 1240 4731 uui
1256 4669 1563 4731 prinsiptsaniae,iiss·

229 4774 300 4814 mum
330 4765 399 4812 enirn
428 4759 497 4811 mole
528 4767 651 4808 surarum
678 4751 877 4818 opprimebatur
913 4753 1002 4805 cisso,
1029 4751 1079 4811 tpet
1098 4747 1258 4813 Agrippinae
1276 4753 1303 4800 et
1321 4747 1449 4810 Claudio,
1471 4749 1563 4813 displi-

227 4842 376 4902 itareisers,
395 4838 587 4890 nunciandins
605 4833 777 4896 semperiere
791 4839 877 4885 temn-
913 4836 1012 4881 serent.
1049 4827 1118 4880 Care
1140 4827 1255 4891 explices
1274 4829 1367 4894 erepet
1384 4827 1491 4881 Asiatici
1515 4829 1563 4881 sii·

229 4923 334 4982 lentnas
366 4920 428 4973 dein
457 4917 581 4969 Claudius
615 4927 718 4967 veneno
751 4924 805 4964 uon
835 4911 876 4962 st·
913 4913 1060 4961 suinas-
1080 4907 1425 4973 sepioresepustnsoittres]
1446 4905 1500 4960 Gir.
1514 4909 1559 4972 id,

228 5015 357 5062 anessae,
386 4999 432 5050 sed
459 4999 558 5050 nonae
587 4998 614 5047 tn
641 4994 742 5047 Palatio
767 4998 876 5044 aeratus
912 4991 955 5041 se.
988 4989 1052 5040 iisat
1069 4993 1266 5052 praegustator,
1294 4993 1325 5039 ut
1340 4987 1424 5039 inser.
1445 5000 1480 5039 ιο.
1499 4987 1557 5041 Lat.

230 5089 285 5142 ests
305 5077 508 5142 deniqne-cisse
527 5077 577 5128 iiio
599 5075 653 5137 to,
671 5075 721 5125 dtr
749 5066 769 5139 ἦ
791 5070 822 5124 dt
839 5068 875 5138 δὴ
912 5069 999 5120 sititis
1021 5065 1168 5118 curisve
1187 5066 1231 5118 Ti.
1251 5064 1333 5122 aiii.
1346 5063 1563 5124 emersur-

229 5157 393 5240 Ἀγριππίνα
418 5157 515 5214 ταῦτα
543 5151 694 5225 ποιήσασα
722 5147 874 5222 ἔφθασαν,
913 5147 992 5202 duit.
1029 5147 1103 5202 Suet.
1123 5145 1163 5200 Gi.
1181 5145 1228 5202 44.
