3734 5917
394 486 457 555 brt
789 482 978 551 CORNELII
999 480 1135 551 Taciti·
1150 482 1354 555 tunultu

394 663 538 731 quaeque
559 642 657 712 maris
678 642 883 713 ambirentur.
906 664 945 709 ea
967 664 1007 711 ex
1026 642 1159 713 uilitate
1178 652 1305 733 accepta
1316 649 1464 715 decorem
1478 666 1604 736 umque
1618 666 1726 715 novae

394 754 465 825 urbi
480 756 624 825 attulere.
646 764 736 823 erant
749 764 852 825 tamen
865 756 920 845 qui
941 762 1106 826 crederent
1127 764 1264 826 veterem
1284 758 1371 828 iilam
1391 758 1524 827 sormam
1544 758 1727 829 salubritati

394 872 492 955 magis
514 869 718 948 conduxisse,
753 872 899 956 quoniam
927 874 1087 957 unpudae
1110 872 1258 939 itinerum
1277 879 1310 938 et
1329 872 1460 941 altitudo
1481 880 1638 941 ucumm
1660 894 1725 941 uon

393 986 521 1071 perinde
555 981 630 1049 solis
658 1004 776 1069 vapore
805 992 1098 1071 permmpereutur:
1134 991 1167 1050 at
1193 1004 1277 1051 nunc
1302 986 1440 1071 patulam
1465 985 1668 1055 latitudinem
1694 994 1726 1051 et

372 1095 477 1163 sanila
508 1093 618 1163 umbra
646 1096 803 1165 defensam
832 1100 979 1184 graviore
1006 1104 1096 1163 aestu
1123 1098 1300 1165 ardescere.
1342 1096 1402 1183 (tt)
1431 1107 1464 1165 et
1490 1102 1570 1167 baec
1589 1102 1723 1189 quidem

393 1208 536 1277 humanis
557 1210 694 1279 consiliis
715 1208 969 1297 providebantur.
1008 1230 1084 1276 mox
1103 1212 1203 1296 petita
1224 1211 1272 1278 dis
1292 1210 1431 1295 piacula.
1456 1214 1595 1299 aditique
1617 1211 1724 1300 Sibyl-

391 1321 441 1393 lae
462 1320 555 1401 libri,
588 1344 628 1391 ex
649 1324 764 1409 quibus
783 1322 992 1408 supplicatum
1013 1323 1151 1392 Volcano
1173 1330 1205 1389 at
1226 1322 1334 1391 Cereri
1363 1325 1653 1413 Proserpinaeque,
1686 1347 1722 1391 ac

392 1435 560 1524 propitiata
580 1438 658 1505 Iuno
680 1457 737 1522 per
758 1445 933 1513 matronas,
960 1437 1096 1521 pdmnm
1117 1434 1151 1501 ia
1173 1436 1345 1522 Capitolio,
1373 1440 1486 1505 deinde
1506 1441 1590 1527 apud
1611 1439 1722 1525 proxi·

392 1568 477 1615 mum
499 1570 601 1624 mare,
631 1552 714 1617 unde
735 1553 846 1618 hausta
866 1569 947 1636 aqua
968 1546 1120 1631 templum
1141 1556 1174 1613 et
1194 1550 1395 1627 simulacrum
1417 1552 1497 1617 deae
1516 1570 1721 1637 perspersum

355 1670 458 1740 sessu
482 1670 515 1729 et
535 1662 719 1729 sellisternia
739 1682 775 1729 ac
795 1661 961 1750 pervigilia
980 1658 1181 1727 celebravere
1200 1660 1338 1728 feminae
1358 1663 1472 1750 quibus
1493 1664 1597 1730 mmiti
1620 1674 1719 1729 erant.

392 1776 449 1845 sed
470 1795 534 1841 non
555 1795 616 1862 ope
637 1779 788 1853 humana,
821 1796 887 1841 non
911 1772 1129 1861 largitionibus
1156 1774 1307 1861 principis
1326 1785 1381 1842 aut
1401 1773 1495 1843 Qum
1514 1774 1720 1861 placamentis

461 1974 487 2028 θ.
506 1978 590 2041 petito
608 1992 626 2029 u
643 1977 684 2027 dia
699 1976 738 2029 bi.
759 1975 876 2029 Correxit
894 1975 916 2026 i.
936 1975 979 2026 rr.
999 1974 1157 2026 Gronovius.
1181 2001 1209 2012 -
1229 1974 1256 2026 7.
1275 1977 1476 2042 prosevpiuepoe
1491 1976 1529 2028 m.
1545 2001 1575 2014 -
1589 1977 1617 2028 1.
1633 1974 1718 2027 Habet

390 2059 558 2113 perspersum
575 2047 625 2107 u,
654 2061 706 2100 neo
722 2059 905 2112 prospectum,
934 2054 964 2097 ut
981 2046 1049 2098 itdd.
1067 2053 1128 2097 ante
1147 2047 1303 2097 Basternae·
1332 2070 1361 2085 -
1387 2048 1430 2097 111.
1451 2047 1538 2099 idabet
1559 2048 1717 2099 aarum

391 2120 452 2242 ab
465 2132 517 2241 'pff
536 2120 720 2242 Βῑίοισιῑιιοιιιιιι,
748 2125 777 2169 ιιι
801 2132 815 2171 e
840 2118 905 2171 Cod.
924 2116 989 2185 Bag.
1009 2118 1060 2169 lid.
1079 2118 1151 2179 spir.
1171 2117 1286 2169 edebant
1304 2121 1366 2169 ante
1383 2117 1521 2183 apetiam.
1548 2143 1584 2153 -
1608 2117 1654 2169 11.
1674 2116 1717 2167 dss

394 2372 566 2435 ambirentur}
585 2371 741 2425 communio
755 2373 883 2437 parietum
904 2373 955 2423 tara
974 2370 1036 2423 nitur
1072 2370 1144 2422 simis
1162 2370 1228 2422 cibis
1241 2368 1360 2433 oppietas
1373 2369 1588 2424 admovebantur.
1607 2368 1712 2422 ouem.

391 2457 490 2513 retitur
511 2452 700 2519 terecurrit.
720 2452 879 2505 Tabularum
896 2455 1034 2513 sancitum,
1072 2453 1158 2503 Locus
1176 2451 1209 2502 de
1227 2451 1277 2502 bac
1294 2464 1322 2504 re
1341 2453 1499 2514 praecipuus
1516 2456 1555 2502 est
1573 2450 1645 2513 apud
1659 2448 1711 2501 Vei.

391 2541 421 2585 ut
438 2538 551 2597 spatium
573 2535 642 2585 tuter
665 2533 757 2585 domus
776 2534 905 2585 insulasve
931 2536 958 2584 ia
979 2533 1034 2585 teti·
1071 2530 1142 2584 blaa.
1161 2530 1194 2591 1,
1214 2531 1245 2593 1,
1263 2530 1297 2581 bs
1322 2531 1444 2583 Fessiuce
1462 2544 1521 2581 cusa
1536 2531 1602 2580 utris
1619 2528 1714 2585 mbae·

392 2614 509 2666 tudinem
534 2612 600 2663 duos
625 2612 706 2675 pedes
733 2620 759 2665 et
776 2614 912 2665 semissem
933 2618 1036 2674 pateret
1072 2611 1140 2662 tibus
1156 2611 1271 2661 amasses
1288 2610 1452 2665 coenabunt,
1472 2624 1538 2673 puae
1555 2608 1710 2661 mudum

391 2694 423 2747 ad
438 2694 585 2745 tiberiovevn
600 2693 778 2745 circumeundi
791 2692 952 2743 laenitatem.
971 2689 1035 2742 Adt-
1072 2702 1106 2739 ex
1122 2690 1256 2741 domiuum
1274 2692 1393 2741 conuictu
1405 2690 1442 2739 od
1454 2689 1545 2741 «11111114
1553 2690 1711 2751 peamau.-

390 2772 495 2825 mus
527 2771 710 2824 aurarum
735 2771 943 2823 SESTERTIVS
972 2769 1035 2821 PES
1070 2784 1133 2819 aem
1149 2770 1220 2819 toute
1237 2770 1314 2834 eputc
1331 2770 1386 2832 lpas
1401 2770 1430 2819 ta
1447 2769 1586 2825 tactatuss.
1602 2768 1709 2819 tuaest

391 2852 488 2905 BSTO.
516 2853 603 2904 baon.
640 2851 692 2903 Gir.
721 2852 830 2904 Dirtsen
857 2852 918 2903 iiii.
944 2850 1036 2914 Toleto
1070 2848 1194 2899 nucea
1216 2850 1344 2900 tessellae
1369 2849 1406 2900 od
1427 2862 1535 2900 emessa
1556 2850 1710 2899 larisam

391 2946 418 2995 p.
431 2931 493 2983 toa.
513 2956 545 2969 -
563 2928 684 2995 neumae]
704 2935 775 2997 prata
788 2932 879 2995 vulgo,
897 2930 965 2991 att,
979 2929 1033 2981 soz
1072 2928 1148 2992 Quod
1171 2941 1253 2995 pessus
1277 2930 1425 2981 aesemtutts
1447 2932 1521 2981 auca
1542 2933 1637 2979 aeson
1654 2927 1710 2977 ditt-

390 3014 521 3073 oecepttus
537 3014 568 3061 iss
583 3012 700 3076 eutpuos.
719 3034 753 3047 -
777 3005 933 3075 popusitus]
960 3015 991 3060 nt
1007 3011 1034 3060 in
1071 3010 1172 3071 demtus
1191 3010 1221 3060 oc
1238 3008 1368 3072 Capitolio
1383 3024 1463 3074 pesum
1480 3012 1511 3060 tra
1526 3008 1647 3059 domasa
1661 3006 1711 3057 ssia

392 3092 514 3143 omnibns
540 3093 655 3155 suueuia
680 3091 785 3153 oppidis
811 3090 928 3151 laeticie,
956 3094 1034 3142 etiarn
1071 3094 1169 3139 armat.
1205 3088 1367 3139 Vocabulum
1394 3092 1480 3150 ipsum
1507 3092 1549 3142 via
1577 3094 1710 3150 praeterea

391 3172 543 3233 Pompeiisr
573 3177 599 3223 et
625 3170 731 3233 quidem
751 3178 858 3234 propter
876 3183 969 3223 causas
992 3170 1036 3221 bie
1072 3170 1202 3230 reperitur
1221 3170 1271 3221 nisi
1291 3168 1361 3230 apud
1380 3167 1487 3220 Pestuar
1509 3181 1536 3231 p.
1549 3166 1610 3217 118.
1626 3165 1707 3217 ituit:

392 3250 499 3308 atiniae:
531 3261 585 3314 quo
610 3250 673 3299 sotis
691 3250 757 3302 radii
776 3258 946 3314 arcerentur,
977 3251 1035 3312 plus
1071 3248 1155 3298 sodor
1178 3252 1291 3299 atemere
1317 3250 1458 3310 diruatur,
1489 3250 1535 3312 put
1556 3246 1710 3298 erumnae

392 3332 545 3383 umbrarum
564 3329 743 3393 praeberetur.
1071 3329 1182 3389 tabant,
1201 3328 1228 3378 id
1241 3333 1297 3389 est,
1317 3333 1362 3391 qut
1374 3335 1437 3380 suat
1448 3326 1577 3401 erpeium
1588 3328 1709 3382 deamat

1072 3415 1099 3460 et
1117 3410 1144 3458 ia
1163 3406 1259 3460 Gioasis
1286 3406 1394 3472 Cprttiir
1426 3408 1627 3467 sollisternium,
1654 3402 1708 3457 oel-

424 3492 469 3545 te.
492 3492 577 3555 petite
594 3491 634 3541 dis
651 3485 774 3552 pteeutc]
800 3490 840 3541 bis
867 3501 915 3551 per
941 3501 1033 3552 erepe-
1070 3484 1241 3559 λάστρυσις.
1278 3486 1331 3539 cvr.
1351 3486 1549 3539 enimenteiiius
1569 3486 1709 3537 debonsre

390 3574 431 3626 sia
458 3573 592 3623 adduntur
617 3584 658 3625 vv.
679 3570 795 3634 adduas
810 3568 926 3633 Stbpttoe
953 3569 1033 3626 tibet,
1071 3565 1164 3617 biaeltti
1183 3569 1211 3617 ta
1229 3567 1332 3619 Graevii
1345 3568 1425 3620 Tinea.
1438 3568 1501 3618 Ant.
1515 3566 1575 3617 vlt.
1593 3578 1622 3629 p.
1635 3563 1707 3616 1111.

391 3654 424 3706 ad
442 3652 628 3711 indicandum,
649 3662 762 3714 paenam
775 3650 876 3701 ratiene
889 3652 970 3711 petita
982 3652 1035 3701 siat
1072 3672 1104 3685 ·-
1120 3648 1165 3699 sed
1175 3660 1230 3697 nen
1243 3660 1292 3713 epe
1306 3644 1432 3712 tusam]
1451 3648 1524 3699 iiaea
1540 3653 1568 3698 et
1586 3660 1656 3711 quae
1671 3658 1708 3697 se·

389 3733 442 3784 iiie.
480 3732 600 3784 Wattbsr
617 3730 724 3795 quidem
742 3742 773 3782 ac
792 3728 917 3781 tinebaer
930 3736 1035 3790 praetu-
1072 3733 1190 3789 acuatur
1201 3729 1362 3789 transcripsit
1374 3740 1462 3779 rursus
1474 3711 1609 3791 Salmous
1620 3727 1648 3787 1,
1662 3724 1705 3776 tt:

390 3814 479 3866 larunt
504 3812 577 3863 died.
603 3811 741 3861 tectionem
757 3810 843 3872 petita
861 3822 880 3858 n
898 3810 956 3870 dte,
986 3810 1034 3860 sed
1070 3806 1157 3870 nuce
1177 3807 1234 3857 utto
1254 3808 1369 3859 rediero
1386 3806 1526 3873 adpetebat,
1553 3808 1618 3869 puin
1634 3804 1707 3857 abeo

391 3896 478 3945 vntnns
497 3892 547 3945 bec
565 3893 739 3951 concinnum,
758 3891 884 3954 qnoniam
905 3888 945 3940 bis
962 3890 1032 3942 ideas
1069 3886 1172 3935 tuvsuov
1188 3887 1336 3938 tacmdtusv
1351 3892 1504 3949 putaretur.
1538 3886 1626 3950 dpttur
1635 3883 1707 3934 catti

390 3976 452 4025 satta
470 3974 579 4024 moleste
598 3972 725 4024 dixisseta
746 3973 878 4033 «petivere
892 3969 918 4019 di
931 3970 1034 4033 piaauia
1070 3965 1200 4015 saeuam
1215 3967 1246 4016 isa
1265 3966 1427 4017 cbrtsts'usses
1443 3971 1568 4029 octoque
1584 3967 1615 4015 ta
1638 3966 1707 4014 ease

391 4067 439 4117 per
456 4052 569 4118 Sibyttae
588 4052 668 4104 tibros
686 4052 806 4113 aditique
825 4051 850 4100 bi
868 4056 957 4101 sunta
983 4050 1035 4099 ivn·
1070 4045 1130 4095 atos
1141 4044 1335 4097 emdetiastasae
1345 4047 1528 4111 quaestum,-
1545 4046 1611 4109 pata
1626 4050 1651 4097 et
1665 4054 1707 4092 ao·

391 4146 435 4185 mo
447 4146 507 4196 pars
516 4134 690 4197 proculcata,
710 4144 788 4195 auant
803 4136 948 4184 memorat,
968 4130 1035 4182 bace
1069 4136 1118 4175 oue
1133 4130 1228 4177 avertes
1245 4126 1427 4191 compilatae.
1450 4130 1481 4176 ut
1496 4127 1618 4191 {marusa
1634 4122 1706 4185 sepis

391 4225 500 4279 quoqne
523 4219 597 4272 evat,
623 4218 652 4263 ut
675 4212 777 4274 piacula
794 4209 828 4261 ad
848 4210 912 4261 deos
930 4209 1034 4270 placan-
1070 4207 1179 4257 coerect
1205 4204 1310 4257 Metu
1333 4219 1430 4257 sanun
1451 4206 1601 4257 tererem
1634 4200 1707 4255 liubi

391 4296 439 4346 dos
457 4296 668 4357 acquirerentur.
690 4314 720 4328 ·-
749 4292 846 4341 haustu
863 4285 946 4354 apuu]
966 4288 1035 4340 itec-
1070 4285 1190 4335 uuctbru
1214 4285 1293 4351 asperi
1309 4294 1357 4335 out
1372 4285 1482 4352 domae
1497 4286 1568 4343 usti,-
1597 4283 1708 4348 ptevtpas

391 4388 450 4427 rum
468 4380 495 4425 et
513 4372 609 4435 tempta
627 4376 653 4421 et
670 4369 806 4421 simulacra
824 4370 864 4420 vei
880 4367 1034 4420 mavinavet
1069 4366 1100 4416 s'a
1117 4364 1147 4414 s'd
1162 4366 1308 4425 mutuati,
1336 4371 1383 4424 ut,
1414 4378 1472 4415 cusa
1489 4364 1622 4429 &factust
1644 4364 1702 4418 dits»

390 4454 507 4507 ttuviatili
534 4465 603 4514 apua
628 4452 759 4513 perspersi
786 4457 833 4501 aut
859 4450 938 4503 iavart
967 4450 1034 4500 sote·
1070 4446 1099 4495 tn
1124 4458 1200 4495 usuns
1225 4446 1351 4496 nocturni
1376 4445 1483 4495 taminia
1504 4450 1652 4495 ureraatur.
1676 4462 1703 4477 -

390 4536 472 4593 baon
503 4536 533 4583 at
550 4531 645 4583 Vestae
672 4532 748 4591 aquis
767 4543 797 4581 ea
816 4532 888 4581 tonte
908 4528 1033 4581 Gemens·
1067 4538 1115 4587 per
1131 4521 1250 4590 ttoptttu]
1283 4536 1352 4588 quae
1378 4525 1412 4575 ob
1431 4526 1638 4587 suspectissimas
1655 4522 1705 4573 titas

391 4628 448 4667 ruas
468 4614 577 4664 baustis.
600 4608 688 4675 (ovid.
709 4610 778 4660 Fast-
800 4609 832 4666 ³‚
853 4605 908 4670 tn.)
924 4610 1034 4661 ltettssi·
1070 4600 1186 4670 ἀγάπαις
1202 4604 1328 4668 (caritatis
1346 4602 1475 4669 convivia)
1497 4603 1651 4655 Christianis
1674 4599 1703 4653 eb

390 4707 432 4745 rna
450 4700 538 4745 autem
557 4693 650 4742 tevatto
672 4690 781 4741 Veneris
804 4689 983 4741 Verticordiae
1007 4692 1036 4740 et
1070 4684 1223 4735 adversariis
1232 4684 1433 4747 ettinpebantur.
1451 4684 1620 4736 tueetsstma
1630 4694 1702 4747 quae

389 4774 484 4827 listris
503 4771 587 4823 Deam
613 4770 654 4823 vei
678 4784 708 4823 er
728 4768 804 4822 Ovtd.
830 4770 899 4820 sart.
918 4769 952 4826 t.
971 4766 1032 4819 ste.
1070 4776 1123 4827 uae
1141 4767 1250 4815 erimina
1269 4771 1406 4826 propterea
1433 4767 1461 4815 in
1487 4777 1532 4818 ees
1557 4765 1650 4816 nodata
1672 4766 1704 4813 tta

391 4862 419 4910 at
443 4852 506 4905 337.
534 4851 670 4902 Burseni.
698 4874 729 4887 -
758 4846 930 4913 utttsteroiu]
959 4848 1034 4911 Quae
1071 4844 1252 4905 eomptectitnr
1269 4844 1446 4897 (tertullianus
1463 4842 1621 4908 Apatnair
1639 4842 1703 4894 ote·

391 4934 491 4987 deabus
508 4932 623 4989 fiebant,
654 4931 813 4983 tscttetesvstu
837 4930 904 4989 dits;
936 4936 967 4981 ut
983 4931 1033 4981 vtrt
1068 4938 1130 4974 esur
1146 4924 1340 4977 sceleratissimi
1359 4925 1393 4975 de
1413 4930 1576 4979 memo
1600 4924 1703 4988 Musti·

391 5018 417 5066 in
436 5016 509 5066 tectis
527 5011 742 5067 discumbentes.
775 5010 887 5061 taurinae
905 5010 975 5062 settis
993 5012 1033 5060 tn·
1068 5005 1130 5055 eidi
1155 5008 1181 5053 st
1202 5004 1302 5067 pabulo
1328 5006 1407 5065 bade,
1437 5009 1542 5068 etpost
1564 5004 1702 5055 comum

390 5094 506 5145 sidentes
525 5091 691 5150 coenabant,
720 5091 759 5141 stc
782 5089 892 5141 deorum
910 5089 1032 5141 dearum·
1068 5087 1185 5142 laeum
1218 5084 1290 5148 quod
1312 5096 1442 5137 suasores
1465 5084 1595 5138 luminasse
1622 5093 1699 5138 ema.

391 5186 443 5240 que
461 5180 562 5227 suanae
580 5174 608 5225 in
626 5171 699 5225 tectis
710 5170 813 5225 eetitsva
823 5170 857 5222 ad
870 5181 928 5223 aras
941 5170 1031 5223 iaude-
1068 5166 1169 5219 imanes
1184 5165 1299 5221 uuuss,
1328 5165 1465 5226 tnebrae,
1495 5169 1553 5217 tuas
1575 5169 1601 5219 st
1622 5161 1699 5216 utut
