3734 5917
625 564 742 630 amaa
762 564 846 633 xiv.
890 564 963 653 cap.
983 563 1036 630 ea.
1058 564 1112 631 ee.
1456 560 1518 631 ma

196 731 243 791 esi
256 720 451 801 interfector,
473 723 548 811 quia
562 722 601 790 de
615 732 742 811 paterna
753 723 886 811 pecunia
900 730 1105 810 transegerat,
1127 730 1181 790 aut
1194 722 1312 790 avitum
1330 724 1518 809 mancipium

195 838 433 904 detrahebatur?
454 840 687 924 pronuntiemus
708 838 789 903 ultro
810 836 974 903 domiuum
994 840 1062 904 iure
1077 857 1201 902 caesum
1216 837 1328 903 videri.
1365 836 1424 922 (it)
1440 836 1519 903 libet

194 959 378 1034 argumenta
399 954 587 1038 conquirere
606 951 641 1017 in
663 973 701 1017 eo
723 951 807 1038 quod
829 949 1072 1034 sapientioribus
1093 948 1299 1017 deliberatum
1321 954 1388 1017 esti
1410 949 1464 1016 sed
1486 956 1518 1015 et

194 1062 221 1129 si
240 1085 323 1129 nunc
345 1066 479 1150 primum
507 1066 702 1131 statuendum
729 1066 937 1142 haberemus,
974 1062 1141 1129 creditisne
1162 1085 1287 1131 servum
1309 1060 1517 1129 interficiendi

194 1178 311 1242 domiui
333 1179 469 1243 animum
489 1176 707 1265 insumpsisse,
728 1184 764 1243 ut
776 1200 840 1243 non
854 1198 916 1243 vox
929 1175 1036 1244 minax
1055 1179 1234 1255 excideret,
1257 1174 1334 1242 nibil
1348 1197 1407 1261 per
1420 1184 1538 1242 temes

193 1290 318 1355 ritatem
338 1290 600 1379 proloqueretur?
622 1312 696 1356 sane
714 1290 877 1357 consilium
890 1288 1044 1368 occuluit,
1067 1292 1165 1356 telum
1179 1292 1263 1356 inter
1275 1288 1403 1375 ignaros
1423 1308 1515 1375 para·

192 1402 252 1469 ait:
288 1425 365 1470 nam
386 1403 533 1469 excubias
559 1406 722 1481 transiret,
756 1401 889 1469 cubiculi
910 1404 996 1468 iores
1016 1402 1206 1479 recluderet,
1239 1406 1346 1469 lumen
1365 1402 1513 1478 interret,

193 1514 321 1583 caedem
342 1514 482 1600 patraret
498 1515 642 1584 omnibus
656 1516 790 1582 nesciisl
810 1518 907 1581 multa
921 1516 1048 1582 sceleris
1062 1515 1177 1583 indicia
1189 1514 1410 1603 praeveniant:
1434 1514 1517 1582 servi

192 1631 219 1695 si
240 1631 393 1713 prodant,
424 1650 587 1717 possamus
609 1632 723 1714 singuli
746 1628 828 1695 inter
846 1627 967 1715 plures,
997 1629 1054 1697 iuti
1077 1633 1158 1696 inter
1178 1632 1306 1707 anxios,
1336 1636 1513 1717 postremo,

191 1740 218 1807 si
238 1742 433 1826 pereundam
452 1746 508 1821 sii,
540 1764 604 1810 uon
633 1741 723 1809 inulti
750 1744 831 1809 inter
856 1749 1005 1810 nocentes
1032 1764 1137 1829 agere.
1175 1750 1318 1828 suspecta
1344 1742 1515 1809 maioribus
1525 1769 1553 1811 11

191 1854 305 1921 nostris
326 1855 452 1922 luerunt
471 1858 598 1941 ingenia
618 1875 780 1922 servorum
809 1853 902 1921 etiam
924 1878 996 1921 cum
1017 1856 1052 1922 in
1071 1856 1155 1941 agris
1176 1864 1230 1924 ant
1251 1853 1395 1923 domibus
1414 1854 1515 1923 isdem

190 1977 393 2035 nascerentur
420 1968 642 2056 caritatemque
671 1968 869 2035 dominorum
898 1968 998 2037 11111111
1028 1969 1214 2057 acciperent.
1252 1976 1416 2054 postquam
1435 1988 1514 2036 aero

190 2080 332 2148 nationes
346 2081 379 2147 ia
392 2081 518 2149 familiis
530 2079 700 2158 habemus,
723 2079 835 2169 quibus
856 2081 972 2149 diversi
993 2084 1089 2162 ritus,
1113 2090 1242 2149 externa
1262 2102 1350 2148 sacra
1364 2088 1418 2148 aut
1430 2080 1515 2148 nulla

190 2200 277 2273 sunt,
302 2193 468 2261 colluviem
488 2195 580 2263 iatam
600 2196 724 2262 nonnisi
745 2203 831 2261 melu
851 2194 1038 2262 coercuerim
1074 2203 1106 2263 at
1125 2193 1251 2282 quidam
1271 2196 1409 2263 insontes
1430 2195 1513 2282 peri-

258 2398 283 2447 1.
303 2395 420 2447 bonitum
436 2394 474 2449 li.
497 2422 525 2435 -
545 2397 571 2450 a.
590 2398 666 2447 iuras
682 2396 721 2449 ii.
743 2422 771 2435 ··
790 2396 817 2448 5.
837 2396 1007 2461 insumpsisse
1022 2398 1051 2451 ii
1060 2410 1068 2449 e
1087 2398 1227 2461 sumpsisse
1244 2408 1303 2449 eum
1320 2396 1389 2450 ilud.
1404 2401 1431 2449 et
1442 2397 1513 2450 Iibe-

189 2477 257 2519 nano
277 2466 308 2517 B.
329 2467 418 2520 Potest
441 2480 504 2520 esne
522 2469 552 2517 in
570 2482 627 2521 esse
646 2481 676 2520 ca
693 2470 869 2533 geminatione
892 2470 1104 2532 praecedentium
1122 2469 1276 2521 litterarum.
1310 2495 1339 2507 -
1368 2469 1456 2520 missas
1473 2468 1511 2522 ie.

190 2562 220 2576 -
249 2538 331 2587 nicbil
349 2538 384 2589 li.
415 2564 444 2577 -
470 2537 496 2589 d.
517 2539 588 2590 occul
615 2540 656 2588 nil
677 2536 715 2590 is.
735 2538 825 2601 Spatia
844 2551 926 2591 vacuo
946 2542 1075 2592 recentior
1092 2550 1186 2592 manue
1204 2539 1327 2605 syllabam
1345 2543 1374 2590 ta
1392 2541 1512 2590 inseruit.

188 2607 257 2659 illac
284 2609 396 2664 iactum.
425 2616 455 2661 ut
483 2610 553 2659 baud
580 2622 685 2671 prorsas
713 2608 776 2660 laiso
798 2608 912 2661 Plebena
930 2610 1004 2662 bled.
1023 2610 1153 2663 imbueret
1170 2612 1327 2671 occultabit,
1360 2622 1411 2674 qua
1430 2608 1513 2661 torma

188 2692 250 2730 saue
270 2677 433 2743 irequeaiius
451 2684 534 2733 utitur
560 2678 665 2731 Tacitus
684 2692 762 2741 quam
779 2679 862 2732 altera
879 2681 1002 2732 accubas.
1032 2704 1068 2718 -
1095 2682 1122 2731 ⁵1.
1142 2683 1255 2733 transire
1272 2706 1283 2717 ·
1300 2706 1311 2717 -
1328 2679 1458 2731 recludere
1474 2704 1486 2717 ·
1501 2703 1514 2715 ·

186 2747 284 2810 inieras
303 2776 314 2788 ·
331 2749 416 2801 cedem
429 2756 540 2814 patrare
557 2750 601 2811 ii,
620 2749 760 2812 elabique
779 2762 847 2801 corr.
870 2774 898 2789 -·
918 2750 945 2801 a.
961 2750 1081 2815 prodesset
1097 2752 1196 2803 maruli
1212 2750 1379 2803 Doederlein.
1410 2771 1443 2787 -
1467 2749 1510 2800 ao.

188 2827 295 2943 spernent
322 2833 363 2884 pr.
381 2821 418 2875 ii.
452 2848 485 2860 -
515 2822 557 2872 11.
584 2822 642 2886 ines
668 2834 727 2871 cunr
754 2821 800 2872 lin.
820 2834 901 2885 super
926 2821 977 2873 iili.
1001 2836 1034 2884 s,
1065 2824 1083 2872 i.
1102 2838 1127 2875 c.
1145 2821 1314 2885 memorii:
1332 2821 1404 2886 luere
1420 2819 1452 2870 it.
1478 2842 1507 2859 ·-

186 2890 197 2939 i
229 2905 255 2940 sn
271 2890 310 2941 ii.

188 3076 381 3128 constructione
396 3088 458 3129 eane
477 3078 598 3129 usitatius
616 3076 683 3129 toret
694 3075 829 3140 sumpsisse
870 3070 907 3122 ila
926 3073 948 3123 si
965 3073 1032 3123 aerei
1051 3073 1231 3126 saimadsersa
1248 3073 1380 3138 prodam,
1409 3074 1475 3126 albii
1493 3086 1509 3126 a

190 3152 269 3219 (llud.
289 3152 421 3219 iibenan.)
447 3155 486 3208 sci
504 3158 684 3219 assumpsisse.
715 3156 829 3217 Compa—
865 3155 946 3202 servis
974 3152 1189 3205 timendumesl.
1217 3154 1286 3205 Ean.
1320 3181 1349 3193 ·-
1378 3150 1508 3219 moduni]

188 3242 247 3285 rani
263 3233 296 3294 o,
313 3233 365 3285 32:
395 3236 518 3286 instituta
535 3236 692 3287 Parthorum
710 3234 826 3285 insumit.
865 3229 1053 3283 Coniunctlsae
1080 3232 1143 3283 huic
1168 3232 1226 3285 ioco
1244 3235 1412 3297 aptissimus,
1445 3236 1508 3297 qaia

186 3312 254 3368 Stat,
266 3314 349 3367 Tbeb.
360 3315 404 3375 aa,
417 3314 485 3365 6131
500 3314 595 3379 sliquos
602 3316 723 3366 insumite
733 3320 828 3365 menies
866 3310 1030 3362 dominorum
1044 3313 1226 3375 nonnionem
1239 3314 1362 3369 insolvit:
1379 3313 1423 3365 «Si
1434 3326 1508 3377 pree·

186 3392 331 3455 coeplibus.
351 3421 379 3431 -
399 3393 531 3458 cacaliae]
550 3394 696 3447 Nocturnas
715 3408 774 3458 ergo
794 3394 827 3445 ed
864 3396 1000 3453 sumptum
1018 3390 1165 3454 babemus,
1193 3395 1306 3446 1111111
1324 3393 1391 3459 trogi
1409 3394 1508 3444 maleti-

186 3472 265 3523 limea
286 3474 407 3526 excubias
425 3488 557 3527 serrorum
577 3473 710 3527 trabebant
727 3474 826 3525 domini
864 3482 907 3521 eos
927 3471 1195 3532 praenominum.»
1215 3498 1244 3513 ·-
1270 3468 1505 3536 carimeniae

185 3555 355 3616 potentiores.
387 3554 496 3617 Quintil.
509 3554 620 3607 ilenti.
635 3550 671 3617 (p.
685 3554 712 3605 8.
726 3548 826 3617 norm.)
864 3549 929 3612 quid
950 3549 1054 3601 domino
1072 3552 1192 3611 accidat,
1224 3562 1382 3615 semperque
1401 3564 1507 3604 conses-

183 3634 290 3686 Dicitur
308 3645 398 3685 caecus
415 3636 471 3685 sins
491 3640 603 3697 sectore,
625 3634 680 3683 sine
697 3634 828 3684 duce...
864 3632 918 3691 ris,
942 3629 1072 3695 aquibus
1092 3631 1142 3682 tale
1162 3630 1263 3682 lacinus
1282 3633 1426 3694 exspectari
1446 3644 1507 3694 pos·

181 3724 230 3777 per
247 3715 325 3763 inane
342 3714 463 3777 tanqum,
485 3726 534 3776 per
550 3718 589 3763 toi
607 3712 706 3777 offensa
724 3712 824 3769 limina,
863 3712 915 3770 eit,
934 3709 974 3760 aei
992 3715 1099 3772 propter
1117 3712 1252 3772 proprium
1269 3714 1390 3763 timorem
1407 3712 1504 3764 solllci-

181 3804 229 3856 per
242 3794 396 3844 excubantes
414 3794 527 3844 snuulos
545 3805 645 3844 esrcsse
663 3806 721 3843 cum
738 3790 825 3855 lma:
863 3793 888 3841 te
901 3789 1073 3852 invigilantes,
1089 3802 1148 3842 cum
1161 3792 1243 3841 sciaat
1258 3792 1422 3853 pereundum
1440 3795 1504 3855 ipsis

182 3872 328 3923 cubiculum
352 3872 443 3925 deinde
464 3875 551 3938 patris
573 3874 715 3937 inpressas.
751 3870 826 3925 idern
862 3879 968 3931 quoque
981 3866 1051 3928 iore,
1070 3871 1091 3919 si
1104 3870 1188 3921 scelus
1207 3867 1240 3919 ab
1258 3882 1311 3922 aaa
1329 3872 1356 3922 iu
1369 3871 1503 3924 dominam

182 3942 257 3994 Deci.
281 3942 597 4008 assimularemus,
619 3944 826 4009 quandosenem
863 3949 1050 4000 committetur.
1089 3974 1117 3985 -
1156 3954 1276 4010 suspecta
1294 3977 1304 3989 .
1322 3950 1429 4016 mamea
1451 3963 1504 4001 m.

181 4023 275 4074 uicerit
294 4023 419 4073 lassitudo
438 4036 564 4074 curarum
580 4047 591 4059 ·
609 4048 621 4059 ·
638 4038 666 4085 -3
685 4024 736 4073 scis
750 4020 825 4087 pn'ri·
861 4023 968 4089 comm]
998 4026 1073 4078 Unde
1100 4028 1268 4089 proverbium
1288 4030 1357 4091 apud
1376 4029 1504 4083 Senecam

181 4105 239 4163 tes,
265 4116 302 4153 an
318 4116 375 4153 una
392 4104 575 4167 quiescentium
592 4103 659 4167 sures
684 4102 825 4153 vallaverit
861 4104 911 4167 ilp.
929 4105 984 4156 ii:
1015 4106 1125 4157 residem
1142 4109 1227 4159 baeles
1244 4119 1297 4159 esse
1314 4114 1376 4175 quot
1394 4122 1502 4171 sercou

181 4194 246 4233 casa
271 4194 416 4233 servorum.
464 4183 608 4245 Appuleius
625 4182 692 4234 bist.
712 4182 743 4239 2,
770 4182 822 4232 151
861 4185 918 4246 111,
949 4191 980 4235 ui
1006 4188 1091 4247 ipsum
1117 4186 1281 4249 proverbium
1300 4189 1370 4251 apud
1396 4190 1502 4243 Festum

179 4263 270 4323 passis
296 4267 374 4313 scira
400 4262 491 4324 limen,
521 4262 614 4321 medo,
653 4266 683 4313 ut
709 4262 823 4312 arbitrio
861 4276 887 4326 p.
910 4264 1098 4327 1611111111,
1117 4265 1238 4318 brevius:
1270 4266 1443 4330 9111111111,
1464 4274 1503 4319 aas

180 4344 304 4391 nocturni
330 4342 455 4407 pannias
478 4340 514 4406 (iu
541 4339 691 4407 concubitu)
721 4342 823 4405 abisqu-
860 4343 955 4395 bosles.
975 4370 1005 4382 -
1024 4343 1206 4411 nascerentur]
1230 4359 1295 4412 quos
1312 4360 1502 4401 1111111111-

179 4427 287 4484 sentus,
315 4421 389 4471 lumi
409 4434 489 4485 quam
503 4422 598 4485 procul
613 4422 752 4471 distratum
769 4422 823 4484 sne·
859 4425 941 4487 baal,
961 4431 1095 4489 oppositos
1113 4429 1247 4490 empticils.
1269 4454 1298 4466 -
1316 4427 1448 4494 nationes]
1467 4429 1502 4482 lis

180 4508 233 4552 rat·
268 4503 375 4565 alioqui
394 4502 427 4553 de
445 4514 517 4555 more
536 4512 618 4564 prope
632 4499 820 4565 procubabanl.
859 4504 894 4565 3,
911 4504 963 4556 53:
993 4506 1156 4570 familiarum
1173 4520 1308 4558 numerum
1325 4510 1498 4561 electiones.

181 4580 259 4632 Silius
278 4584 311 4641 i,
331 4580 375 4631 ee.
396 4579 429 4633 de
448 4580 614 4632 unanimis:
647 4580 727 4642 Saepe
742 4582 822 4631 etium
860 4584 910 4633 ulit
927 4596 975 4647 per
991 4588 1128 4645 nationes,
1147 4586 1217 4637 ando
1236 4586 1341 4638 oriundi
1359 4597 1452 4649 erant,
1472 4591 1500 4640 in

178 4661 273 4726 famuli
290 4661 398 4712 turbato
416 4662 451 4711 nsi
468 4662 560 4712 limina
576 4672 666 4711 somno
685 4660 821 4723 amnone
857 4663 980 4717 domibus
998 4665 1247 4729 congregabantur.»
1266 4666 1371 4719 baean.
1398 4667 1500 4721 Seneca

179 4748 276 4793 trucem
291 4746 433 4803 perunna
451 4740 555 4791 silentiu
571 4752 668 4791 cosan.
709 4739 776 4790 Vide
795 4746 821 4792 et
858 4742 908 4803 iip.
927 4744 982 4804 95,
1000 4743 1053 4793 ll:
1085 4742 1200 4795 Transeo
1217 4747 1326 4810 apmina
1342 4748 1499 4798 emissorum

178 4822 330 4881 eapisnun
353 4819 408 4872 Cir.
428 4819 461 4881 2,
479 4819 524 4870 ea.
554 4822 581 4871 in
601 4819 706 4871 Catonis
724 4825 817 4875 morte.
854 4834 903 4886 per
919 4824 1038 4874 1111111111
1055 4824 1202 4888 colornque
1218 4825 1359 4888 descripta.
1373 4826 1497 4879 dobner.

179 4899 680 4957 ctTaciluminOtbonialiisl.2,'5il.
698 4898 816 4950 1111.-
857 4905 925 4955 ritae
943 4902 995 4953 aa:
1023 4902 1097 4953 illum
1118 4906 1148 4953 tn
1164 4906 1369 4957 otiosumoocus
1385 4930 1424 4943 ··
1451 4908 1498 4970 qui

176 4980 361 5043 praeveniunt]
382 4980 557 5042 praecedunt,
571 4992 599 5031 se
612 4985 817 5039 exseruutaate,
855 4982 1002 5031 vinctorum
1026 4995 1133 5032 moriem
1163 4996 1254 5049 prepes
1278 4984 1307 5035 iss
1332 4989 1447 5037 walum
1472 4993 1498 5039 et

180 5072 259 5122 auam
287 5059 386 5111 lacinus
410 5066 542 5121 patretur,
571 5072 658 5124 neque
681 5062 717 5111 ita
735 5062 818 5123 premi
855 5060 970 5113 colosum
989 5062 1071 5122 poma
1094 5061 1218 5113 anunm
1246 5062 1314 5114 Pila.
1333 5062 1386 5126 aa,
1406 5068 1441 5124 1,
1458 5065 1495 5118 tis

179 5139 230 5193 tale
249 5137 388 5192 eonsilium
406 5145 510 5203 potest,
540 5141 605 5201 quin
624 5139 719 5192 indicia
738 5150 818 5202 quae·
854 5142 1045 5204 mancipiorum
1071 5140 1180 5208 natones
1208 5149 1234 5194 et
1260 5144 1289 5194 in
1313 5143 1390 5195 domo
1418 5145 1497 5197 turba

179 5218 257 5281 dam,
288 5218 329 5273 sci
347 5232 394 5283 per
416 5219 639 5287 imprudentiam,
669 5224 816 5287 erumpant.
855 5226 983 5284 1111111111
1011 5232 1148 5275 seruorum
1171 5234 1274 5288 quoque
1290 5234 1370 5278 eausa
1392 5236 1497 5281 11111111·

226 5312 329 5370 trusa.
345 5313 367 5369 1.
1208 5320 1249 5387 33
