3734 5917
310 492 373 558 eie
699 492 887 559 CORNELII
907 490 1042 556 Ticini
1061 490 1268 558 summittis

311 649 465 727 destiam,
485 658 523 717 ut
542 656 706 717 contentus
728 656 821 717 esset.
867 670 973 737 neque
993 670 1066 716 rero
1089 669 1193 737 neque
1214 652 1297 736 apud
1318 665 1436 736 penem
1456 646 1530 715 talia
1549 648 1646 715 iacie'

309 766 380 843 bats
404 771 437 829 et
456 771 576 830 secreta
589 783 718 850 quoque
738 762 807 829 eius
827 772 976 850 corrupta
1005 784 1104 829 uxore
1119 765 1345 848 prodebantur.
1382 759 1426 845 (8)
1448 762 1543 847 igitur
1556 759 1643 827 Seia-

310 897 369 941 nus
390 878 609 943 maturandum
629 884 714 944 ratus
735 875 845 961 deligit
865 895 1020 942 venenum
1042 896 1106 963 quo
1127 874 1276 962 paulatim
1304 876 1467 961 inrepente
1494 873 1642 941 fortuitus

309 986 439 1055 morbus
459 990 711 1056 adsimularetur.
747 992 783 1056 ld
803 994 907 1056 Druso
928 987 1036 1056 datum
1057 1010 1116 1076 per
1137 991 1279 1074 Lygdum
1301 986 1493 1072 spadonem,
1514 996 1549 1053 ut
1570 996 1641 1055 octo

286 1109 382 1193 spost
409 1122 508 1171 anuos
536 1102 698 1189 cognitum
727 1110 786 1168 esi.
831 1108 971 1169 ceterum
993 1100 1136 1169 Tiberius
1164 1122 1222 1189 per
1243 1120 1352 1167 omues
1374 1100 1553 1168 valitudinis
1575 1102 1643 1167 eius

309 1214 391 1292 dies,
420 1214 508 1283 nullo
534 1226 638 1291 metu,
666 1236 706 1281 au
732 1224 768 1282 ut
792 1212 1017 1281 firmitudinem
1045 1213 1142 1281 animi
1168 1220 1356 1289 ostentaret,
1379 1216 1472 1281 etiam
1494 1215 1643 1281 defuncto

308 1331 443 1397 necdum
464 1329 605 1415 sepulto,
627 1328 748 1395 eurism
769 1331 929 1415 ingressus
951 1338 1013 1395 est.
1050 1333 1260 1420 consulesque
1275 1336 1350 1399 sede
1365 1329 1486 1415 vulgari
1499 1348 1558 1414 per
1571 1346 1643 1414 spe·

309 1439 389 1507 ciem
410 1442 583 1510 maestitiae
604 1440 749 1509 sedentes
770 1442 901 1507 honoris
921 1442 1046 1529 locique
1071 1444 1251 1524 admonuit;
1289 1454 1322 1510 et
1341 1443 1475 1511 ellusum
1496 1443 1530 1507 in
1551 1440 1643 1507 lacri-

309 1574 376 1620 mas
397 1565 557 1633 senatum,
578 1554 663 1623 victo
684 1558 823 1641 gemitu,
846 1555 939 1621 simul
962 1556 1103 1623 oratioue
1126 1558 1273 1625 continua
1288 1559 1412 1623 erexit:
1435 1575 1500 1623 nou
1516 1551 1643 1642 quidem

272 1667 373 1741 nsibi
395 1668 536 1754 ignarum
559 1689 653 1753 posse
673 1668 779 1756 argui,
802 1672 888 1757 quod
912 1677 976 1735 tum
1002 1673 1122 1736 recenti
1144 1670 1253 1737 dolore
1274 1669 1406 1736 subierit
1426 1668 1533 1735 oculos
1554 1686 1645 1733 seua-

308 1789 378 1848 tus:
406 1784 460 1847 vir
486 1784 735 1870 propinquorum
762 1781 908 1868 adloquia
937 1782 1083 1861 tolerari,
1115 1785 1169 1849 vix
1196 1784 1279 1848 diem
1307 1780 1424 1869 adspici
1445 1802 1464 1847 u
1484 1781 1644 1867 plerisque

306 1893 493 1980 lugentium.
527 1916 631 1981 neque
653 1894 726 1960 illos
746 1893 961 1961 inbecillitatis
984 1897 1199 1962 damnandos:
1221 1916 1255 1961 se
1269 1904 1373 1961 umen
1387 1892 1518 1961 fortiora
1533 1894 1643 1959 solatia

310 2008 520 2092 eeomplexu
540 2007 589 2073 rei
611 2006 755 2095 publicae
775 2008 936 2096 petivisse.
976 2006 1204 2094 miseratusque
1219 2012 1378 2092 Augustae
1400 2014 1573 2073 extremam
1594 2026 1644 2071 se·

307 2128 446 2197 neotum,
473 2120 586 2187 rudem
615 2119 716 2187 adbuc
743 2130 892 2208 nepotum
913 2128 946 2187 et
968 2128 1150 2205 vergentem
1173 2130 1308 2188 aetutem
1330 2139 1435 2196 suam,
1457 2126 1493 2185 ut
1515 2120 1643 2185 Germe·

269 2256 298 2299 ss
308 2234 370 2299 uici
392 2232 500 2308 libori,
528 2236 619 2299 unice
649 2234 859 2320 praesentium
883 2237 1040 2301 malorum
1060 2234 1250 2308 levamenta,
1272 2235 1496 2299 inducerentur
1516 2233 1641 2319 petivit.

309 2348 430 2432 egressi
454 2348 600 2413 eonsules
628 2345 768 2412 firmatos
796 2346 945 2434 adloquio
968 2346 1220 2413 adulescentulos
1240 2344 1454 2431 deductosque
1475 2353 1545 2413 aute
1567 2346 1644 2413 Cne-

307 2479 409 2525 ssrem
424 2466 572 2526 statuunt.
609 2462 723 2546 quibua
743 2460 907 2545 adprensis
930 2467 1061 2543 «putres
1081 2458 1268 2544 conscripti,
1290 2463 1373 2526 hos»
1396 2460 1498 2545 inquit
1526 2456 1644 2526 sorba·

307 2580 356 2638 tos
384 2580 514 2657 parente
542 2570 657 2639 tradidi
685 2579 799 2657 petruo
824 2572 984 2656 ipsorum,
1012 2579 1218 2657 precatusque
1240 2593 1327 2648 sum,
1351 2592 1542 2659 quamquem
1563 2580 1644 2638 esset

307 2684 352 2750 illi
379 2684 507 2771 propria
536 2688 683 2762 suboles,
708 2706 748 2749 ne
769 2704 859 2751 secus
880 2706 974 2772 quam
997 2706 1089 2750 suum
1111 2686 1293 2771 sauguinem
1315 2684 1439 2750 loveret
1459 2706 1496 2749 ao
1518 2684 1644 2751 tolleret

269 2797 430 2885 scribique
451 2805 482 2863 et
511 2782 646 2883 posteris
674 2795 918 2864 conformaret..
943 2807 1052 2886 erepto
1073 2802 1177 2863 Druso
1199 2816 1309 2882 preces
1331 2798 1371 2862 ad
1392 2817 1449 2863 vos
1470 2804 1643 2875 converto,

376 3009 402 3059 i.
421 3006 523 3059 iocebot
540 3010 578 3059 Μ.
599 3032 631 3046 -
650 3008 676 3059 3.
693 3013 829 3058 murum
845 3008 909 3057 dum
926 3006 965 3059 si.
992 3030 1024 3044 -
1041 3008 1095 3057 inr.
1114 3007 1160 3058 bis
1179 3007 1230 3055 ιιι.
1250 3006 1282 3057 Β.
1304 3030 1333 3045 -
1352 3005 1379 3056 i:
1398 3007 1456 3057 ods.
1474 3007 1520 3059 bis
1539 3020 1591 3060 oss.
1611 3007 1642 3058 ii.

309 3102 339 3115 ·-
358 3077 387 3129 b.
407 3090 462 3127 oms
480 3089 539 3129 eum
559 3080 605 3129 liu.
625 3079 664 3130 Μ.
684 3102 717 3115 -
734 3079 893 3130 υαιιιιιιιιιιιι
909 3078 949 3128 Μ.
970 3102 1001 3115 ·-
1020 3076 1047 3127 ii.
1065 3081 1139 3129 uictu
1156 3077 1192 3129 Μ.
1214 3102 1246 3115 -·
1266 3078 1307 3128 ll.
1327 3078 1413 3139 uspici
1431 3078 1468 3129 Μ.
1488 3103 1518 3116 -
1539 3080 1583 3129 iu.
1603 3080 1643 3127 in·

307 3146 457 3199 inumeris
474 3148 520 3199 iis
538 3149 724 3200 imbecillitatis
741 3149 773 3200 ii.
793 3174 825 3185 -
847 3148 889 3198 17.
909 3150 1047 3210 adprensis
1065 3150 1109 3198 ii:
1129 3148 1267 3211 oppressis
1285 3148 1317 3197 ii.
1338 3146 1406 3199 Αιιιι
1421 3147 1569 3200 Bekkerum
1589 3154 1644 3200 eret

305 3218 483 3281 apprehensis.
505 3244 533 3256 ·-
556 3220 598 3270 18.
615 3221 720 3283 perenis·
737 3218 775 3269 Μ.
793 3242 828 3255 -
843 3223 990 3285 pectusque
1007 3231 1067 3269 cum
1086 3218 1147 3276 liu..
1171 3219 1197 3269 id
1217 3226 1273 3281 esi,
1289 3226 1484 3283 processusque
1496 3218 1534 3272 Μ.
1554 3242 1586 3254 -
1601 3219 1643 3269 iii.

306 3288 406 3351 foveret
425 3287 559 3339 attolieret
576 3289 615 3341 Μ.
636 3288 753 3341 Correxit
771 3289 928 3342 Berosldus.

306 3478 384 3541 deos,
399 3485 429 3531 ui
440 3478 596 3533 modestiam
605 3478 701 3531 Seiano
712 3480 833 3533 disent.»
853 3480 956 3533 Seuera
994 3484 1116 3531 ustorum
1135 3480 1328 3533 communibus.
1377 3480 1498 3534 Humiles
1517 3487 1587 3534 euim
1604 3494 1645 3533 se-

305 3560 538 3612 Contror.2lisut
548 3560 625 3611 solue
634 3563 826 3623 prouioeiuss't,
840 3569 957 3624 optemus
993 3566 1114 3611 natorum
1142 3564 1257 3612 omnium
1285 3561 1380 3621 sedes,
1415 3562 1482 3613 eltae
1517 3564 1543 3612 lu
1573 3565 1644 3615 sellis

304 3640 542 3691 meretsidbonom
553 3647 676 3695 mentem.
712 3642 811 3692 lisdem
830 3642 956 3703 precsudi
994 3641 1131 3692 curulibus
1149 3642 1286 3691 consulum
1305 3648 1332 3693 ei
1350 3642 1479 3694 eseelsse.
1501 3642 1602 3695 Lucas.
1616 3644 1644 3704 5,

306 3727 436 3771 ιιιιιιιιιιι
455 3720 486 3771 e.
500 3720 549 3782 eu,
564 3721 606 3770 ti.
625 3720 669 3771 65.
690 3722 739 3781 15,
754 3721 808 3771 17:
835 3722 875 3771 sie
892 3734 957 3784 quo·
994 3722 1043 3772 ios
1076 3721 1108 3769 ili
1131 3722 1247 3783 primum
1273 3728 1400 3771 moestum
1418 3726 1523 3774 tenuem
1538 3724 1645 3773 silentio

305 3812 356 3865 que
373 3801 500 3864 optimum
512 3800 662 3852 Fortunam
675 3801 822 3858 erundum,
842 3802 957 3862 nipedes
993 3806 1109 3861 coetum,
1135 3800 1259 3850 Lentulus
1278 3796 1391 3863 (consul)
1412 3815 1424 3851 ι
1443 3802 1509 3853 celso
1526 3804 1644 3855 subdmis

307 3881 431 3942 consectis
447 3882 572 3930 niumm
587 3882 682 3943 spotiis
705 3883 816 3944 equitem
832 3881 957 3946 adseque-
994 3882 1053 3931 ssds
1069 3878 1205 3942 profatur.
1243 3880 1643 3943 ovid.eri>ouiei‚5,1e=

305 3966 390 4010 retur.
411 3984 444 3995 -
476 3960 575 4021 Supple
596 3963 674 4024 igitur
692 3964 869 4025 cogitationes
898 3972 958 4023 pre·
995 3960 1167 4021 conspicuum
1184 3960 1268 4025 siguis
1286 3974 1345 4012 eum
1360 3968 1464 4023 premet
1482 3962 1555 4012 olim
1572 3963 1644 4022 ebur,

305 4038 527 4091 condomSeiano
546 4046 597 4091 ιιι.
635 4041 709 4091 Falso
727 4042 770 4093 alli
789 4044 955 4103 interpretii!
995 4039 1085 4090 consul
1112 4039 1201 4091 sellam
1229 4042 1356 4093 curulem.
1404 4041 1479 4091 idern
1508 4042 1545 4092 ili.
1564 4044 1597 4103 d,
1616 4044 1643 4105 ii,

305 4126 367 4171 sunt
396 4121 561 4182 precandum
590 4119 667 4172 deam
701 4122 859 4174 Modestiom
886 4127 955 4181 cet..
994 4119 1042 4169 28:
1064 4117 1262 4183 Signaquoque
1279 4122 1308 4170 io
1325 4120 1390 4171 selle
1406 4132 1509 4171 nossem
1526 4120 1645 4183 {onmia

308 4211 377 4263 quse
404 4201 504 4251 Romae
533 4212 670 4262 nunquam
699 4202 769 4252 culis
796 4208 837 4253 ιιι
860 4205 904 4261 et,
936 4203 957 4250 ιι
995 4198 1097 4255 curuli,
1124 4198 1160 4247 Et
1178 4204 1264 4249 totum
1281 4201 1409 4252 Numidae
1426 4202 1543 4263 seuipts'ie
1560 4203 1646 4255 dentis

305 4294 354 4344 pro
373 4280 422 4332 des
441 4280 529 4330 brolia
550 4286 639 4339 esset,
666 4285 754 4333 tamen
773 4282 822 4331 isse
846 4282 873 4330 in
893 4293 958 4342 qne·
996 4290 1071 4341 opus.
1109 4277 1199 4329 Simile
1226 4280 1290 4341 qnid
1315 4281 1402 4331 lorum
1427 4280 1522 4332 hebuit
1551 4284 1578 4333 in
1605 4296 1645 4334 se·

306 4362 360 4414 reis
378 4362 515 4412 neonisio
534 4360 611 4412 Floro
628 4372 660 4410 ιι
677 4360 805 4412 similibus
822 4362 957 4423 scriptori·
996 4365 1059 4410 natu
1078 4366 1138 4421 post
1155 4363 1301 4412 uuuiistrm
1320 4361 1432 4424 Augusti
1451 4367 1563 4414 mortem
1579 4368 1646 4413 ιιιιι

307 4441 373 4499 bus,
399 4452 568 4504 nequaquem
592 4440 719 4491 sTacito
743 4443 780 4491 ιιι
798 4453 957 4492 commemo·
995 4439 1081 4489 Ilione
1108 4439 1155 4501 5o,
1184 4440 1236 4491 ³¹:
1266 4435 1459 4504 ’deuteroses
1484 4438 1516 4493 oi
1544 4441 1575 4493 oi
1590 4442 1645 4507 pis

306 4524 356 4575 rsri
377 4522 515 4583 potuisset.
533 4520 590 4571 Nec
607 4523 688 4583 magis
706 4520 878 4581 explicarint
896 4532 957 4581 pre·
995 4518 1117 4580 πολλοι,
1146 4514 1187 4583 ὥς
1205 4533 1262 4571 που
1280 4514 1408 4583 ἕκαστος
1431 4515 1546 4584 sieten,
1575 4521 1606 4573 ol
1621 4512 1646 4570 δ’

306 4602 419 4653 endum
437 4599 526 4651 Seium
544 4599 699 4650 modestioris
723 4595 958 4671 seur'eipmustos.
995 4593 1104 4649 ὕπατοι
1129 4596 1209 4650 κάτω
1237 4598 1268 4650 is
1291 4604 1353 4661 τοῖς
1379 4597 1522 4669 βάθροις,
1555 4594 1646 4663 ὁμὲν

305 4702 340 4719 -
356 4677 451 4744 umore]
471 4679 564 4730 bistili
582 4680 672 4730 Drusi.
995 4677 1035 4746 τῷ
1048 4676 1105 4730 τῶν
1118 4678 1290 4749 στρατηγῶν
1303 4711 1311 4733 .
1331 4672 1348 4728 ὁ
1362 4676 1393 4730 dt
1406 4677 1463 4730 reis
1475 4676 1645 4752 δημάρχων.

339 4759 367 4811 8.
391 4756 609 4823 odsimuioretur]
627 4756 959 4809 uitsbesereneuooris
999 4780 1026 4793 -
1047 4756 1190 4823 adloquio]
1219 4757 1422 4810 conscissiones.
1460 4758 1527 4811 Vide
1552 4772 1594 4813 me
1613 4758 1645 4810 sd

306 4839 507 4891 similitudinem
538 4838 637 4891 ioriuitt
665 4837 750 4887 morbi
779 4834 897 4889 heberet.
924 4860 956 4872 -
996 4838 1330 4901 iloni.iipod.1³,ies
1352 4838 1647 4904 sincerissimoque·

306 4925 364 4970 octo
387 4923 449 4982 post
474 4916 570 4981 onoos]
602 4932 634 4970 so
657 4921 715 4979 ipso
734 4915 858 4967 videlicet
876 4927 956 4976 rano,
995 4916 1090 4980 formu
1112 4920 1291 4983 aegrimoniae
1309 4918 1427 4969 ιιιιιιιιιι
1450 4918 1593 4984 adloquiis.
1615 4944 1644 4957 ·-

307 5011 362 5063 quo
386 4998 540 5050 interiectus
568 4998 698 5054 selenus,
738 5009 798 5047 eum
825 4996 956 5057 Apionis,
994 4999 1042 5047 eie
1067 4998 1133 5050 diem
1165 4995 1278 5061 adspiei]
1305 4998 1404 5050 Plinius
1433 4998 1501 5060 lipp.
1530 4999 1566 5059 ii,
1595 4997 1645 5049 iis

306 5082 363 5131 etus
382 5091 465 5137 uror,
485 5079 551 5130 brec
569 5077 668 5131 seelera
688 5076 813 5139 prodidit.
843 5074 892 5127 iiio
911 5073 957 5133 58,
995 5076 1076 5127 liiiio
1101 5078 1136 5127 od
1153 5077 1282 5139 Arrianis
1310 5090 1376 5146 rope
1398 5084 1429 5129 ut
1447 5078 1568 5133 omium·
1583 5090 1646 5144 quo-

306 5158 351 5213 ii.
369 5157 445 5209 Lm.
462 5181 491 5196 -
509 5159 568 5210 sede
584 5152 702 5224 uupou]
723 5159 750 5210 iu
766 5154 899 5208 subselliis
916 5168 958 5209 se·
995 5158 1070 5207 uiam
1091 5170 1131 5209 sne
1155 5168 1245 5209 reseris
1270 5158 1355 5209 odius
1378 5157 1463 5209 metus
1480 5157 1570 5211 lissine
1586 5170 1647 5210 com
