<?xml version="1.0" encoding="UTF-8"?>
<!DOCTYPE html PUBLIC "-//W3C//DTD XHTML 1.0 Transitional//EN"
    "http://www.w3.org/TR/xhtml1/DTD/xhtml1-transitional.dtd">
<html xmlns="http://www.w3.org/1999/xhtml" xml:lang="en" lang="en">
 <head>
  <title>
</title>
<meta http-equiv="Content-Type" content="text/html;charset=utf-8" />
  <meta name='ocr-system' content='tesseract 3.04.00' />
  <meta name='ocr-capabilities' content='ocr_page ocr_carea ocr_par ocr_line ocrx_word'/>
</head>
<body>
  <div class='ocr_page' id='page_1' title='image "./opera05tacigoog/opera05tacigoog_0014.png"; bbox 0 0 3734 5917; ppageno 0'>
   <div class='ocr_carea' id='block_1_1' title="bbox 337 532 400 594">
    <p class='ocr_par' dir='ltr' id='par_1_1' title="bbox 337 532 400 594">
     <span class='ocr_line' id='line_1_1' title="bbox 337 532 400 594; baseline 0 0"><span class='ocrx_word' id='word_1_1' title='bbox 337 532 400 594; x_wconf 73' lang='lat' dir='ltr'><strong>rm</strong></span> 
     </span>
    </p>
   </div>
   <div class='ocr_carea' id='block_1_2' title="bbox 323 676 1668 4384">
    <p class='ocr_par' dir='ltr' id='par_1_2' title="bbox 328 676 1668 2349">
     <span class='ocr_line' id='line_1_2' title="bbox 335 676 1667 773; baseline -0.006 -21"><span class='ocrx_word' id='word_1_2' title='bbox 335 699 459 752; x_wconf 81' lang='lat' dir='ltr'><strong>morem</strong></span> <span class='ocrx_word' id='word_1_3' title='bbox 472 681 608 773; x_wconf 74' lang='lat' dir='ltr'><strong>gereret</strong></span> <span class='ocrx_word' id='word_1_4' title='bbox 622 676 791 769; x_wconf 72' lang='lat' dir='ltr'><strong>Poggius,</strong></span> <span class='ocrx_word' id='word_1_5' title='bbox 811 677 859 744; x_wconf 92' lang='lat' dir='ltr'><strong>nil</strong></span> <span class='ocrx_word' id='word_1_6' title='bbox 872 676 981 744; x_wconf 88' lang='lat' dir='ltr'><strong>omisit</strong></span> <span class='ocrx_word' id='word_1_7' title='bbox 994 676 1204 762; x_wconf 88' lang='lat' dir='ltr'><strong>intentatum,</strong></span> <span class='ocrx_word' id='word_1_8' title='bbox 1219 681 1257 744; x_wconf 90' lang='lat' dir='ltr'><strong>ut</strong></span> <span class='ocrx_word' id='word_1_9' title='bbox 1271 696 1332 764; x_wconf 91' lang='lat' dir='ltr'><strong>per</strong></span> <span class='ocrx_word' id='word_1_10' title='bbox 1344 677 1540 748; x_wconf 76' lang='lat' dir='ltr'><strong>monaahum</strong></span> <span class='ocrx_word' id='word_1_11' title='bbox 1553 678 1667 748; x_wconf 85' lang='lat' dir='ltr'><strong>nescio</strong></span> 
     </span>
     <span class='ocr_line' id='line_1_3' title="bbox 336 789 1668 886; baseline -0.004 -21"><span class='ocrx_word' id='word_1_12' title='bbox 336 815 433 886; x_wconf 76' lang='lat' dir='ltr'><strong>quon</strong></span> <span class='ocrx_word' id='word_1_13' title='bbox 452 793 663 864; x_wconf 73' lang='lat' dir='ltr'><strong>allemania</strong></span> <span class='ocrx_word' id='word_1_14' title='bbox 677 791 825 860; x_wconf 78' lang='lat' dir='ltr'><strong>&#39;l&#39;acitam</strong></span> <span class='ocrx_word' id='word_1_15' title='bbox 847 792 990 858; x_wconf 85' lang='lat' dir='ltr'><strong>erueret</strong></span> <span class='ocrx_word' id='word_1_16' title='bbox 1029 792 1072 857; x_wconf 91' lang='lat' dir='ltr'><strong>ln</strong></span> <span class='ocrx_word' id='word_1_17' title='bbox 1093 791 1166 858; x_wconf 87' lang='lat' dir='ltr'><strong>eiua</strong></span> <span class='ocrx_word' id='word_1_18' title='bbox 1176 789 1332 878; x_wconf 74' lang='lat' dir='ltr'><strong>Epistola</strong></span> <span class='ocrx_word' id='word_1_19' title='bbox 1344 789 1457 860; x_wconf 82' lang='lat' dir='ltr'><strong>XXV.</strong></span> <span class='ocrx_word' id='word_1_20' title='bbox 1478 792 1523 860; x_wconf 91' lang='lat' dir='ltr'><strong>ad</strong></span> <span class='ocrx_word' id='word_1_21' title='bbox 1541 792 1668 861; x_wconf 87' lang='lat' dir='ltr'><strong>Nicco-</strong></span> 
     </span>
     <span class='ocr_line' id='line_1_4' title="bbox 337 895 1665 992; baseline -0.004 -16"><span class='ocrx_word' id='word_1_22' title='bbox 337 910 403 978; x_wconf 81' lang='lat' dir='ltr'><strong>lun</strong></span> <span class='ocrx_word' id='word_1_23' title='bbox 418 902 444 980; x_wconf 84' lang='lat'><strong>¹)</strong></span> <span class='ocrx_word' id='word_1_24' title='bbox 468 907 548 976; x_wconf 85' lang='lat' dir='ltr'><strong>data</strong></span> <span class='ocrx_word' id='word_1_25' title='bbox 569 906 695 974; x_wconf 84' lang='lat' dir='ltr'><strong>Romae</strong></span> <span class='ocrx_word' id='word_1_26' title='bbox 715 925 750 973; x_wconf 85' lang='lat' dir='ltr'><strong>v.</strong></span> <span class='ocrx_word' id='word_1_27' title='bbox 774 903 853 971; x_wconf 87' lang='lat' dir='ltr'><strong>Kal·</strong></span> <span class='ocrx_word' id='word_1_28' title='bbox 874 899 1009 972; x_wconf 80' lang='lat' dir='ltr'><strong>Octobr.</strong></span> <span class='ocrx_word' id='word_1_29' title='bbox 1038 899 1173 970; x_wconf 57' lang='lat'>1422:</span> <span class='ocrx_word' id='word_1_30' title='bbox 1213 903 1283 971; x_wconf 70' lang='lat' dir='ltr'><strong>alie</strong></span> <span class='ocrx_word' id='word_1_31' title='bbox 1309 899 1481 972; x_wconf 78' lang='lat' dir='ltr'><strong>Cornelio·</strong></span> <span class='ocrx_word' id='word_1_32' title='bbox 1514 895 1665 992; x_wconf 83' lang='lat' dir='ltr'><strong>(inquo)</strong></span> 
     </span>
     <span class='ocr_line' id='line_1_5' title="bbox 339 1015 1665 1108; baseline -0.001 -24"><span class='ocrx_word' id='word_1_33' title='bbox 339 1022 491 1108; x_wconf 71' lang='lat' dir='ltr'><strong>«Tacito,</strong></span> <span class='ocrx_word' id='word_1_34' title='bbox 512 1021 633 1108; x_wconf 84' lang='lat' dir='ltr'><strong>quiesi</strong></span> <span class='ocrx_word' id='word_1_35' title='bbox 653 1019 687 1084; x_wconf 94' lang='lat' dir='ltr'><strong>in</strong></span> <span class='ocrx_word' id='word_1_36' title='bbox 702 1017 896 1096; x_wconf 83' lang='lat' dir='ltr'><strong>Germania,</strong></span> <span class='ocrx_word' id='word_1_37' title='bbox 919 1017 966 1082; x_wconf 89' lang='lat' dir='ltr'><strong>nii</strong></span> <span class='ocrx_word' id='word_1_38' title='bbox 983 1016 1102 1083; x_wconf 87' lang='lat' dir='ltr'><strong>sentio.</strong></span> <span class='ocrx_word' id='word_1_39' title='bbox 1142 1015 1314 1102; x_wconf 77' lang='lat' dir='ltr'><strong>Exspecto</strong></span> <span class='ocrx_word' id='word_1_40' title='bbox 1332 1036 1528 1102; x_wconf 88' lang='lat' dir='ltr'><strong>responsum</strong></span> <span class='ocrx_word' id='word_1_41' title='bbox 1545 1018 1588 1085; x_wconf 92' lang='lat' dir='ltr'><strong>ab</strong></span> <span class='ocrx_word' id='word_1_42' title='bbox 1607 1018 1665 1086; x_wconf 93' lang='lat' dir='ltr'><strong>ilio</strong></span> 
     </span>
     <span class='ocr_line' id='line_1_6' title="bbox 334 1119 1665 1217; baseline -0.005 -13"><span class='ocrx_word' id='word_1_43' title='bbox 334 1133 496 1205; x_wconf 83' lang='lat' dir='ltr'><strong>monacho</strong></span> <span class='ocrx_word' id='word_1_44' title='bbox 516 1119 601 1202; x_wconf 59' lang='lat' dir='ltr'><strong>cctss·</strong></span> <span class='ocrx_word' id='word_1_45' title='bbox 638 1129 684 1197; x_wconf 73' lang='lat' dir='ltr'><strong>iit</strong></span> <span class='ocrx_word' id='word_1_46' title='bbox 704 1131 738 1196; x_wconf 94' lang='lat' dir='ltr'><strong>in</strong></span> <span class='ocrx_word' id='word_1_47' title='bbox 758 1127 959 1217; x_wconf 67' lang='lat' dir='ltr'><strong>EpistLXa</strong></span> <span class='ocrx_word' id='word_1_48' title='bbox 984 1126 1141 1211; x_wconf 74' lang='lat' dir='ltr'><strong>«Quidam</strong></span> <span class='ocrx_word' id='word_1_49' title='bbox 1161 1128 1342 1198; x_wconf 86' lang='lat' dir='ltr'><strong>monachus</strong></span> <span class='ocrx_word' id='word_1_50' title='bbox 1361 1132 1488 1198; x_wconf 91' lang='lat' dir='ltr'><strong>amicus</strong></span> <span class='ocrx_word' id='word_1_51' title='bbox 1509 1149 1601 1200; x_wconf 84' lang='lat' dir='ltr'><strong>meus</strong></span> <span class='ocrx_word' id='word_1_52' title='bbox 1621 1149 1665 1198; x_wconf 83' lang='lat' dir='ltr'><strong>ex</strong></span> 
     </span>
     <span class='ocr_line' id='line_1_7' title="bbox 334 1236 1665 1336; baseline -0.005 -21"><span class='ocrx_word' id='word_1_53' title='bbox 334 1247 476 1336; x_wconf 88' lang='lat' dir='ltr'><strong>quodam</strong></span> <span class='ocrx_word' id='word_1_54' title='bbox 497 1243 696 1314; x_wconf 83' lang='lat' dir='ltr'><strong>monasterio</strong></span> <span class='ocrx_word' id='word_1_55' title='bbox 715 1236 929 1328; x_wconf 73' lang='lat' dir='ltr'>Germaniae,</span> <span class='ocrx_word' id='word_1_56' title='bbox 952 1243 1006 1328; x_wconf 90' lang='lat' dir='ltr'><strong>qui</strong></span> <span class='ocrx_word' id='word_1_57' title='bbox 1030 1243 1104 1308; x_wconf 92' lang='lat' dir='ltr'><strong>olim</strong></span> <span class='ocrx_word' id='word_1_58' title='bbox 1123 1261 1144 1309; x_wconf 94' lang='lat' dir='ltr'><strong>a</strong></span> <span class='ocrx_word' id='word_1_59' title='bbox 1163 1243 1260 1309; x_wconf 92' lang='lat' dir='ltr'><strong>nobis</strong></span> <span class='ocrx_word' id='word_1_60' title='bbox 1279 1245 1434 1328; x_wconf 85' lang='lat' dir='ltr'><strong>recessit,</strong></span> <span class='ocrx_word' id='word_1_61' title='bbox 1455 1241 1500 1310; x_wconf 91' lang='lat' dir='ltr'><strong>ad</strong></span> <span class='ocrx_word' id='word_1_62' title='bbox 1512 1261 1564 1310; x_wconf 88' lang='lat' dir='ltr'><strong>me</strong></span> <span class='ocrx_word' id='word_1_63' title='bbox 1577 1244 1665 1310; x_wconf 89' lang='lat' dir='ltr'><strong>misit</strong></span> 
     </span>
     <span class='ocr_line' id='line_1_8' title="bbox 333 1355 1664 1452; baseline -0.003 -24"><span class='ocrx_word' id='word_1_64' title='bbox 333 1362 484 1445; x_wconf 74' lang='lat' dir='ltr'><strong>litteras,</strong></span> <span class='ocrx_word' id='word_1_65' title='bbox 505 1377 587 1448; x_wconf 87' lang='lat' dir='ltr'><strong>quas</strong></span> <span class='ocrx_word' id='word_1_66' title='bbox 612 1355 731 1424; x_wconf 84' lang='lat' dir='ltr'><strong>nudius</strong></span> <span class='ocrx_word' id='word_1_67' title='bbox 755 1357 892 1442; x_wconf 88' lang='lat' dir='ltr'><strong>quartus</strong></span> <span class='ocrx_word' id='word_1_68' title='bbox 917 1357 1050 1440; x_wconf 85' lang='lat' dir='ltr'><strong>accepi,</strong></span> <span class='ocrx_word' id='word_1_69' title='bbox 1077 1373 1138 1452; x_wconf 92' lang='lat' dir='ltr'><strong>per</strong></span> <span class='ocrx_word' id='word_1_70' title='bbox 1162 1374 1246 1442; x_wconf 89' lang='lat' dir='ltr'><strong>quas</strong></span> <span class='ocrx_word' id='word_1_71' title='bbox 1269 1357 1386 1424; x_wconf 88' lang='lat' dir='ltr'><strong>scribit</strong></span> <span class='ocrx_word' id='word_1_72' title='bbox 1412 1375 1450 1423; x_wconf 87' lang='lat' dir='ltr'><strong>se</strong></span> <span class='ocrx_word' id='word_1_73' title='bbox 1473 1357 1664 1444; x_wconf 63' lang='lat' dir='ltr'><strong>repperiam</strong></span> 
     </span>
     <span class='ocr_line' id='line_1_9' title="bbox 333 1468 1663 1562; baseline -0.007 -20"><span class='ocrx_word' id='word_1_74' title='bbox 333 1475 443 1562; x_wconf 91' lang='lat' dir='ltr'><strong>aliqua</strong></span> <span class='ocrx_word' id='word_1_75' title='bbox 456 1473 623 1540; x_wconf 87' lang='lat' dir='ltr'><strong>volumina</strong></span> <span class='ocrx_word' id='word_1_76' title='bbox 638 1468 680 1536; x_wconf 90' lang='lat' dir='ltr'><strong>da</strong></span> <span class='ocrx_word' id='word_1_77' title='bbox 695 1469 818 1534; x_wconf 87' lang='lat' dir='ltr'><strong>nostris</strong></span> <span class='ocrx_word' id='word_1_78' title='bbox 833 1471 898 1536; x_wconf 86' lang='lat' dir='ltr'><strong>cet.</strong></span> <span class='ocrx_word' id='word_1_79' title='bbox 940 1468 1088 1533; x_wconf 85' lang='lat' dir='ltr'><strong>Interea</strong></span> <span class='ocrx_word' id='word_1_80' title='bbox 1103 1468 1270 1533; x_wconf 86' lang='lat' dir='ltr'><strong>volumina</strong></span> <span class='ocrx_word' id='word_1_81' title='bbox 1288 1474 1340 1535; x_wconf 87' lang='lat' dir='ltr'><strong>est</strong></span> <span class='ocrx_word' id='word_1_82' title='bbox 1354 1469 1459 1534; x_wconf 90' lang='lat' dir='ltr'><strong>Iulius</strong></span> <span class='ocrx_word' id='word_1_83' title='bbox 1472 1469 1663 1551; x_wconf 67' lang='lat' dir='ltr'><strong>Frontinus,</strong></span> 
     </span>
     <span class='ocr_line' id='line_1_10' title="bbox 334 1578 1662 1673; baseline -0.008 -17"><span class='ocrx_word' id='word_1_84' title='bbox 334 1591 368 1656; x_wconf 92' lang='lat' dir='ltr'><strong>et</strong></span> <span class='ocrx_word' id='word_1_85' title='bbox 392 1588 502 1673; x_wconf 90' lang='lat' dir='ltr'><strong>aliqua</strong></span> <span class='ocrx_word' id='word_1_86' title='bbox 526 1602 628 1670; x_wconf 92' lang='lat' dir='ltr'><strong>opera</strong></span> <span class='ocrx_word' id='word_1_87' title='bbox 642 1578 785 1650; x_wconf 73' lang='lat' dir='ltr'><strong>conuelli</strong></span> <span class='ocrx_word' id='word_1_88' title='bbox 806 1579 913 1647; x_wconf 76' lang='lat' dir='ltr'><strong>Taciti</strong></span> <span class='ocrx_word' id='word_1_89' title='bbox 937 1579 1035 1647; x_wconf 92' lang='lat' dir='ltr'><strong>nobis</strong></span> <span class='ocrx_word' id='word_1_90' title='bbox 1060 1580 1177 1670; x_wconf 82' lang='lat' dir='ltr'><strong>ignota</strong></span> <span class='ocrx_word' id='word_1_91' title='bbox 1206 1584 1286 1648; x_wconf 81' lang='lat' dir='ltr'><strong>cet·</strong></span> <span class='ocrx_word' id='word_1_92' title='bbox 1324 1580 1369 1647; x_wconf 77' lang='lat' dir='ltr'><strong>ut</strong></span> <span class='ocrx_word' id='word_1_93' title='bbox 1390 1583 1498 1668; x_wconf 80' lang='lat' dir='ltr'><strong>ldpisi.</strong></span> <span class='ocrx_word' id='word_1_94' title='bbox 1520 1579 1662 1649; x_wconf 82' lang='lat' dir='ltr'><strong>LXVL:</strong></span> 
     </span>
     <span class='ocr_line' id='line_1_11' title="bbox 335 1692 1662 1781; baseline -0.003 -18"><span class='ocrx_word' id='word_1_95' title='bbox 335 1695 526 1770; x_wconf 72' lang='lat' dir='ltr'><strong>«dometius</strong></span> <span class='ocrx_word' id='word_1_96' title='bbox 540 1695 676 1763; x_wconf 75' lang='lat' dir='ltr'><strong>userius</strong></span> <span class='ocrx_word' id='word_1_97' title='bbox 696 1695 773 1761; x_wconf 87' lang='lat' dir='ltr'><strong>silei</strong></span> <span class='ocrx_word' id='word_1_98' title='bbox 792 1694 879 1761; x_wconf 89' lang='lat' dir='ltr'><strong>inter</strong></span> <span class='ocrx_word' id='word_1_99' title='bbox 894 1692 1092 1775; x_wconf 85' lang='lat' dir='ltr'><strong>Germanos,</strong></span> <span class='ocrx_word' id='word_1_100' title='bbox 1114 1712 1221 1779; x_wconf 87' lang='lat' dir='ltr'><strong>nequa</strong></span> <span class='ocrx_word' id='word_1_101' title='bbox 1244 1693 1418 1781; x_wconf 89' lang='lat' dir='ltr'><strong>quidquam</strong></span> <span class='ocrx_word' id='word_1_102' title='bbox 1440 1694 1561 1762; x_wconf 90' lang='lat' dir='ltr'><strong>exinde</strong></span> <span class='ocrx_word' id='word_1_103' title='bbox 1583 1696 1662 1762; x_wconf 88' lang='lat' dir='ltr'><strong>novi</strong></span> 
     </span>
     <span class='ocr_line' id='line_1_12' title="bbox 331 1805 1662 1901; baseline -0.007 -19"><span class='ocrx_word' id='word_1_104' title='bbox 331 1815 466 1901; x_wconf 89' lang='lat' dir='ltr'><strong>percepi</strong></span> <span class='ocrx_word' id='word_1_105' title='bbox 480 1811 522 1877; x_wconf 90' lang='lat' dir='ltr'><strong>de</strong></span> <span class='ocrx_word' id='word_1_106' title='bbox 538 1812 609 1876; x_wconf 91' lang='lat' dir='ltr'><strong>eius</strong></span> <span class='ocrx_word' id='word_1_107' title='bbox 623 1809 778 1894; x_wconf 86' lang='lat' dir='ltr'><strong>operibus</strong></span> <span class='ocrx_word' id='word_1_108' title='bbox 793 1810 874 1874; x_wconf 80' lang='lat' dir='ltr'><strong>cet·</strong></span> <span class='ocrx_word' id='word_1_109' title='bbox 907 1805 1054 1874; x_wconf 71' lang='lat' dir='ltr'><strong>Tandem</strong></span> <span class='ocrx_word' id='word_1_110' title='bbox 1065 1805 1246 1873; x_wconf 81' lang='lat' dir='ltr'><strong>monachus</strong></span> <span class='ocrx_word' id='word_1_111' title='bbox 1260 1806 1510 1874; x_wconf 84' lang='lat' dir='ltr'><strong>Harsieldansis</strong></span> <span class='ocrx_word' id='word_1_112' title='bbox 1524 1806 1662 1874; x_wconf 85' lang='lat' dir='ltr'><strong>Romam</strong></span> 
     </span>
     <span class='ocr_line' id='line_1_13' title="bbox 331 1918 1662 2006; baseline -0.006 -12"><span class='ocrx_word' id='word_1_113' title='bbox 331 1928 425 1996; x_wconf 88' lang='lat' dir='ltr'><strong>venit</strong></span> <span class='ocrx_word' id='word_1_114' title='bbox 448 1943 521 1994; x_wconf 91' lang='lat' dir='ltr'><strong>cum</strong></span> <span class='ocrx_word' id='word_1_115' title='bbox 540 1923 726 1990; x_wconf 89' lang='lat' dir='ltr'><strong>inventario</strong></span> <span class='ocrx_word' id='word_1_116' title='bbox 748 1921 872 2005; x_wconf 75' lang='lat' dir='ltr'><strong>aliquot</strong></span> <span class='ocrx_word' id='word_1_117' title='bbox 892 1919 1070 2002; x_wconf 88' lang='lat' dir='ltr'><strong>librorum,</strong></span> <span class='ocrx_word' id='word_1_118' title='bbox 1098 1920 1130 1984; x_wconf 96' lang='lat' dir='ltr'><strong>in</strong></span> <span class='ocrx_word' id='word_1_119' title='bbox 1153 1920 1270 2006; x_wconf 90' lang='lat' dir='ltr'><strong>quibus</strong></span> <span class='ocrx_word' id='word_1_120' title='bbox 1290 1918 1396 1987; x_wconf 81' lang='lat' dir='ltr'><strong>&#39;l&#39;aciti</strong></span> <span class='ocrx_word' id='word_1_121' title='bbox 1420 1923 1575 1987; x_wconf 88' lang='lat' dir='ltr'><strong>volumen</strong></span> <span class='ocrx_word' id='word_1_122' title='bbox 1598 1919 1662 1986; x_wconf 89' lang='lat' dir='ltr'><strong>de-</strong></span> 
     </span>
     <span class='ocr_line' id='line_1_14' title="bbox 330 2029 1661 2126; baseline -0.008 -16"><span class='ocrx_word' id='word_1_123' title='bbox 330 2038 546 2110; x_wconf 88' lang='lat' dir='ltr'><strong>scribebatur.</strong></span> <span class='ocrx_word' id='word_1_124' title='bbox 566 2034 718 2126; x_wconf 77' lang='lat' dir='ltr'><strong>Poggius</strong></span> <span class='ocrx_word' id='word_1_125' title='bbox 732 2037 766 2098; x_wconf 95' lang='lat' dir='ltr'><strong>in</strong></span> <span class='ocrx_word' id='word_1_126' title='bbox 779 2033 887 2118; x_wconf 80' lang='lat' dir='ltr'><strong>Epist.</strong></span> <span class='ocrx_word' id='word_1_127' title='bbox 901 2031 1027 2098; x_wconf 87' lang='lat' dir='ltr'><strong>LXX.:</strong></span> <span class='ocrx_word' id='word_1_128' title='bbox 1052 2031 1171 2099; x_wconf 73' lang='lat' dir='ltr'><strong>«Mitto</strong></span> <span class='ocrx_word' id='word_1_129' title='bbox 1187 2035 1296 2099; x_wconf 91' lang='lat' dir='ltr'><strong>autem</strong></span> <span class='ocrx_word' id='word_1_130' title='bbox 1314 2029 1357 2099; x_wconf 91' lang='lat' dir='ltr'><strong>ad</strong></span> <span class='ocrx_word' id='word_1_131' title='bbox 1379 2036 1414 2100; x_wconf 89' lang='lat' dir='ltr'><strong>te</strong></span> <span class='ocrx_word' id='word_1_132' title='bbox 1431 2051 1519 2100; x_wconf 93' lang='lat' dir='ltr'><strong>nunc</strong></span> <span class='ocrx_word' id='word_1_133' title='bbox 1532 2035 1661 2122; x_wconf 88' lang='lat' dir='ltr'><strong>partem</strong></span> 
     </span>
     <span class='ocr_line' id='line_1_15' title="bbox 328 2135 1661 2234; baseline -0.007 -13"><span class='ocrx_word' id='word_1_134' title='bbox 328 2152 507 2222; x_wconf 86' lang='lat' dir='ltr'><strong>inventarii</strong></span> <span class='ocrx_word' id='word_1_135' title='bbox 528 2153 580 2218; x_wconf 91' lang='lat' dir='ltr'><strong>sui</strong></span> <span class='ocrx_word' id='word_1_136' title='bbox 596 2139 735 2234; x_wconf 87' lang='lat' dir='ltr'><strong>(idest,</strong></span> <span class='ocrx_word' id='word_1_137' title='bbox 755 2145 906 2214; x_wconf 92' lang='lat' dir='ltr'><strong>monachi</strong></span> <span class='ocrx_word' id='word_1_138' title='bbox 919 2135 1042 2230; x_wconf 81' lang='lat' dir='ltr'><strong>iliius),</strong></span> <span class='ocrx_word' id='word_1_139' title='bbox 1059 2148 1093 2211; x_wconf 95' lang='lat' dir='ltr'><strong>in</strong></span> <span class='ocrx_word' id='word_1_140' title='bbox 1114 2165 1178 2233; x_wconf 94' lang='lat' dir='ltr'><strong>quo</strong></span> <span class='ocrx_word' id='word_1_141' title='bbox 1194 2143 1393 2214; x_wconf 80' lang='lat' dir='ltr'><strong>describitur</strong></span> <span class='ocrx_word' id='word_1_142' title='bbox 1405 2147 1559 2213; x_wconf 90' lang='lat' dir='ltr'><strong>volumen</strong></span> <span class='ocrx_word' id='word_1_143' title='bbox 1580 2142 1661 2212; x_wconf 93' lang='lat' dir='ltr'><strong>iilud</strong></span> 
     </span>
     <span class='ocr_line' id='line_1_16' title="bbox 328 2258 1252 2349; baseline -0.017 -11"><span class='ocrx_word' id='word_1_144' title='bbox 328 2263 474 2338; x_wconf 77' lang='lat' dir='ltr'><strong>Cornelii</strong></span> <span class='ocrx_word' id='word_1_145' title='bbox 498 2263 622 2349; x_wconf 75' lang='lat' dir='ltr'><strong>Taciti,</strong></span> <span class='ocrx_word' id='word_1_146' title='bbox 644 2264 679 2331; x_wconf 87' lang='lat' dir='ltr'><strong>et</strong></span> <span class='ocrx_word' id='word_1_147' title='bbox 698 2263 854 2344; x_wconf 89' lang='lat' dir='ltr'><strong>aliorum,</strong></span> <span class='ocrx_word' id='word_1_148' title='bbox 875 2258 993 2346; x_wconf 88' lang='lat' dir='ltr'><strong>quibus</strong></span> <span class='ocrx_word' id='word_1_149' title='bbox 1007 2276 1157 2325; x_wconf 87' lang='lat' dir='ltr'><strong>caremus</strong></span> <span class='ocrx_word' id='word_1_150' title='bbox 1171 2262 1252 2327; x_wconf 75' lang='lat' dir='ltr'><strong>oei·</strong></span> 
     </span>
    </p>

    <p class='ocr_par' dir='ltr' id='par_1_3' title="bbox 323 2369 1659 4384">
     <span class='ocr_line' id='line_1_17' title="bbox 411 2369 1659 2462; baseline -0.006 -14"><span class='ocrx_word' id='word_1_151' title='bbox 411 2380 483 2448; x_wconf 85' lang='lat' dir='ltr'><strong>Rea</strong></span> <span class='ocrx_word' id='word_1_152' title='bbox 507 2381 616 2446; x_wconf 89' lang='lat' dir='ltr'><strong>tamen</strong></span> <span class='ocrx_word' id='word_1_153' title='bbox 644 2376 679 2442; x_wconf 95' lang='lat' dir='ltr'><strong>in</strong></span> <span class='ocrx_word' id='word_1_154' title='bbox 706 2377 830 2442; x_wconf 89' lang='lat' dir='ltr'><strong>irritum</strong></span> <span class='ocrx_word' id='word_1_155' title='bbox 859 2372 962 2441; x_wconf 84' lang='lat' dir='ltr'><strong>cessit</strong></span> <span class='ocrx_word' id='word_1_156' title='bbox 988 2389 1093 2458; x_wconf 81' lang='lat' dir='ltr'><strong>usque</strong></span> <span class='ocrx_word' id='word_1_157' title='bbox 1121 2369 1166 2438; x_wconf 90' lang='lat' dir='ltr'><strong>ad</strong></span> <span class='ocrx_word' id='word_1_158' title='bbox 1186 2372 1310 2440; x_wconf 89' lang='lat' dir='ltr'><strong>Leonis</strong></span> <span class='ocrx_word' id='word_1_159' title='bbox 1330 2370 1374 2439; x_wconf 71' lang='lat' dir='ltr'>x</span> <span class='ocrx_word' id='word_1_160' title='bbox 1397 2376 1559 2460; x_wconf 86' lang='lat' dir='ltr'><strong>aetatem,</strong></span> <span class='ocrx_word' id='word_1_161' title='bbox 1594 2394 1659 2462; x_wconf 89' lang='lat' dir='ltr'><strong>quo</strong></span> 
     </span>
     <span class='ocr_line' id='line_1_18' title="bbox 328 2483 1659 2582; baseline -0.005 -20"><span class='ocrx_word' id='word_1_162' title='bbox 328 2493 456 2582; x_wconf 88' lang='lat' dir='ltr'><strong>quidem</strong></span> <span class='ocrx_word' id='word_1_163' title='bbox 490 2490 652 2560; x_wconf 87' lang='lat' dir='ltr'><strong>Pontidce</strong></span> <span class='ocrx_word' id='word_1_164' title='bbox 681 2484 824 2559; x_wconf 78' lang='lat' dir='ltr'><strong>cornero</strong></span> <span class='ocrx_word' id='word_1_165' title='bbox 858 2484 966 2553; x_wconf 81' lang='lat' dir='ltr'><strong>&#39;l&#39;aciti</strong></span> <span class='ocrx_word' id='word_1_166' title='bbox 999 2483 1088 2550; x_wconf 82' lang='lat' dir='ltr'><strong>Libri</strong></span> <span class='ocrx_word' id='word_1_167' title='bbox 1116 2485 1259 2572; x_wconf 89' lang='lat' dir='ltr'><strong>quinque</strong></span> <span class='ocrx_word' id='word_1_168' title='bbox 1289 2487 1323 2552; x_wconf 94' lang='lat' dir='ltr'><strong>in</strong></span> <span class='ocrx_word' id='word_1_169' title='bbox 1356 2484 1534 2555; x_wconf 72' lang='lat' dir='ltr'><strong>Germania</strong></span> <span class='ocrx_word' id='word_1_170' title='bbox 1564 2488 1659 2556; x_wconf 80' lang='lat' dir='ltr'><strong>fuere</strong></span> 
     </span>
     <span class='ocr_line' id='line_1_19' title="bbox 327 2594 1659 2693; baseline -0.006 -17"><span class='ocrx_word' id='word_1_171' title='bbox 327 2609 474 2692; x_wconf 87' lang='lat' dir='ltr'><strong>inventi,</strong></span> <span class='ocrx_word' id='word_1_172' title='bbox 495 2605 622 2693; x_wconf 81' lang='lat' dir='ltr'><strong>ipsique</strong></span> <span class='ocrx_word' id='word_1_173' title='bbox 637 2600 789 2669; x_wconf 85' lang='lat' dir='ltr'><strong>Pontifici</strong></span> <span class='ocrx_word' id='word_1_174' title='bbox 805 2599 916 2665; x_wconf 86' lang='lat' dir='ltr'><strong>oblati.</strong></span> <span class='ocrx_word' id='word_1_175' title='bbox 948 2594 1254 2665; x_wconf 82' lang='lat' dir='ltr'><strong>Animadvertenda</strong></span> <span class='ocrx_word' id='word_1_176' title='bbox 1270 2599 1368 2665; x_wconf 88' lang='lat' dir='ltr'><strong>eiiam</strong></span> <span class='ocrx_word' id='word_1_177' title='bbox 1382 2604 1460 2666; x_wconf 89' lang='lat' dir='ltr'><strong>sunt</strong></span> <span class='ocrx_word' id='word_1_178' title='bbox 1474 2601 1552 2687; x_wconf 90' lang='lat' dir='ltr'><strong>iila,</strong></span> <span class='ocrx_word' id='word_1_179' title='bbox 1573 2620 1659 2688; x_wconf 87' lang='lat' dir='ltr'><strong>quae</strong></span> 
     </span>
     <span class='ocr_line' id='line_1_20' title="bbox 327 2708 1659 2800; baseline -0.007 -11"><span class='ocrx_word' id='word_1_180' title='bbox 327 2721 369 2789; x_wconf 91' lang='lat' dir='ltr'><strong>de</strong></span> <span class='ocrx_word' id='word_1_181' title='bbox 397 2721 511 2788; x_wconf 82' lang='lat' dir='ltr'><strong>Leone</strong></span> <span class='ocrx_word' id='word_1_182' title='bbox 538 2715 583 2784; x_wconf 88' lang='lat' dir='ltr'><strong>X.</strong></span> <span class='ocrx_word' id='word_1_183' title='bbox 619 2715 734 2785; x_wconf 83' lang='lat' dir='ltr'><strong>scribit</strong></span> <span class='ocrx_word' id='word_1_184' title='bbox 762 2714 796 2778; x_wconf 96' lang='lat' dir='ltr'><strong>in</strong></span> <span class='ocrx_word' id='word_1_185' title='bbox 822 2711 977 2797; x_wconf 80' lang='lat' dir='ltr'><strong>Epistola</strong></span> <span class='ocrx_word' id='word_1_186' title='bbox 1004 2708 1111 2777; x_wconf 77' lang='lat' dir='ltr'><strong>&#39;faciti</strong></span> <span class='ocrx_word' id='word_1_187' title='bbox 1140 2708 1275 2776; x_wconf 92' lang='lat' dir='ltr'><strong>editioni</strong></span> <span class='ocrx_word' id='word_1_188' title='bbox 1307 2710 1478 2781; x_wconf 84' lang='lat' dir='ltr'><strong>Romanae</strong></span> <span class='ocrx_word' id='word_1_189' title='bbox 1510 2713 1659 2800; x_wconf 83' lang='lat' dir='ltr'><strong>praefixa</strong></span> 
     </span>
     <span class='ocr_line' id='line_1_21' title="bbox 324 2821 1658 2918; baseline -0.006 -16"><span class='ocrx_word' id='word_1_190' title='bbox 324 2831 513 2902; x_wconf 83' lang='lat' dir='ltr'><strong>Beroaldus</strong></span> <span class='ocrx_word' id='word_1_191' title='bbox 539 2828 667 2895; x_wconf 86' lang='lat' dir='ltr'><strong>iunior:</strong></span> <span class='ocrx_word' id='word_1_192' title='bbox 701 2823 798 2918; x_wconf 80' lang='lat' dir='ltr'><strong>«Age</strong></span> <span class='ocrx_word' id='word_1_193' title='bbox 827 2844 908 2892; x_wconf 88' lang='lat' dir='ltr'><strong>vero</strong></span> <span class='ocrx_word' id='word_1_194' title='bbox 939 2827 1061 2910; x_wconf 90' lang='lat' dir='ltr'><strong>quanto</strong></span> <span class='ocrx_word' id='word_1_195' title='bbox 1091 2821 1155 2889; x_wconf 89' lang='lat' dir='ltr'><strong>hoc</strong></span> <span class='ocrx_word' id='word_1_196' title='bbox 1182 2825 1288 2908; x_wconf 86' lang='lat' dir='ltr'><strong>ipsum</strong></span> <span class='ocrx_word' id='word_1_197' title='bbox 1315 2825 1413 2893; x_wconf 88' lang='lat' dir='ltr'><strong>laude</strong></span> <span class='ocrx_word' id='word_1_198' title='bbox 1435 2825 1569 2918; x_wconf 75' lang='lat' dir='ltr'><strong>dignum</strong></span> <span class='ocrx_word' id='word_1_199' title='bbox 1592 2832 1658 2913; x_wconf 87' lang='lat' dir='ltr'><strong>cst,</strong></span> 
     </span>
     <span class='ocr_line' id='line_1_22' title="bbox 327 2937 1657 3038; baseline -0.007 -23"><span class='ocrx_word' id='word_1_200' title='bbox 327 2945 415 3038; x_wconf 90' lang='lat' dir='ltr'><strong>quod</strong></span> <span class='ocrx_word' id='word_1_201' title='bbox 446 2940 681 3032; x_wconf 89' lang='lat' dir='ltr'><strong>propemodum</strong></span> <span class='ocrx_word' id='word_1_202' title='bbox 712 2939 886 3026; x_wconf 86' lang='lat' dir='ltr'><strong>praeconis</strong></span> <span class='ocrx_word' id='word_1_203' title='bbox 924 2954 1010 3003; x_wconf 85' lang='lat' dir='ltr'><strong>voce</strong></span> <span class='ocrx_word' id='word_1_204' title='bbox 1048 2937 1198 3026; x_wconf 79' lang='lat' dir='ltr'><strong>ingentia</strong></span> <span class='ocrx_word' id='word_1_205' title='bbox 1229 2939 1373 3023; x_wconf 84' lang='lat' dir='ltr'><strong>praemia</strong></span> <span class='ocrx_word' id='word_1_206' title='bbox 1404 2937 1657 3030; x_wconf 79' lang='lat' dir='ltr'><strong>indagatoribus</strong></span> 
     </span>
     <span class='ocr_line' id='line_1_23' title="bbox 325 3051 1657 3144; baseline -0.005 -16"><span class='ocrx_word' id='word_1_207' title='bbox 325 3061 480 3128; x_wconf 90' lang='lat' dir='ltr'><strong>librorum</strong></span> <span class='ocrx_word' id='word_1_208' title='bbox 511 3055 734 3144; x_wconf 83' lang='lat' dir='ltr'><strong>proposuisti,</strong></span> <span class='ocrx_word' id='word_1_209' title='bbox 767 3054 795 3118; x_wconf 92' lang='lat' dir='ltr'><strong>si</strong></span> <span class='ocrx_word' id='word_1_210' title='bbox 825 3071 908 3138; x_wconf 93' lang='lat' dir='ltr'><strong>quos</strong></span> <span class='ocrx_word' id='word_1_211' title='bbox 928 3051 1032 3116; x_wconf 87' lang='lat' dir='ltr'><strong>libros</strong></span> <span class='ocrx_word' id='word_1_212' title='bbox 1052 3052 1206 3116; x_wconf 88' lang='lat' dir='ltr'><strong>vetustos</strong></span> <span class='ocrx_word' id='word_1_213' title='bbox 1227 3051 1322 3118; x_wconf 88' lang='lat' dir='ltr'><strong>nobis</strong></span> <span class='ocrx_word' id='word_1_214' title='bbox 1342 3051 1475 3136; x_wconf 87' lang='lat' dir='ltr'><strong>invidit,</strong></span> <span class='ocrx_word' id='word_1_215' title='bbox 1503 3054 1657 3122; x_wconf 81' lang='lat' dir='ltr'><strong>alicunde</strong></span> 
     </span>
     <span class='ocr_line' id='line_1_24' title="bbox 327 3157 1656 3254; baseline -0.013 -12"><span class='ocrx_word' id='word_1_216' title='bbox 327 3193 346 3242; x_wconf 91' lang='lat' dir='ltr'><strong>e</strong></span> <span class='ocrx_word' id='word_1_217' title='bbox 366 3172 512 3241; x_wconf 87' lang='lat' dir='ltr'><strong>latibulis</strong></span> <span class='ocrx_word' id='word_1_218' title='bbox 533 3157 756 3236; x_wconf 69' lang='lat' dir='ltr'><strong>eduxissent?</strong></span> <span class='ocrx_word' id='word_1_219' title='bbox 779 3162 873 3247; x_wconf 78' lang='lat' dir='ltr'><strong>Quae</strong></span> <span class='ocrx_word' id='word_1_220' title='bbox 893 3165 1029 3229; x_wconf 89' lang='lat' dir='ltr'><strong>venatio</strong></span> <span class='ocrx_word' id='word_1_221' title='bbox 1044 3161 1188 3230; x_wconf 83' lang='lat' dir='ltr'><strong>cornelii</strong></span> <span class='ocrx_word' id='word_1_222' title='bbox 1203 3161 1309 3230; x_wconf 79' lang='lat' dir='ltr'><strong>&#39;faciti</strong></span> <span class='ocrx_word' id='word_1_223' title='bbox 1331 3163 1393 3229; x_wconf 90' lang='lat' dir='ltr'><strong>hos</strong></span> <span class='ocrx_word' id='word_1_224' title='bbox 1414 3166 1535 3254; x_wconf 90' lang='lat' dir='ltr'><strong>primos</strong></span> <span class='ocrx_word' id='word_1_225' title='bbox 1557 3170 1656 3254; x_wconf 90' lang='lat' dir='ltr'><strong>quin.</strong></span> 
     </span>
     <span class='ocr_line' id='line_1_25' title="bbox 326 3276 1656 3376; baseline -0.005 -22"><span class='ocrx_word' id='word_1_226' title='bbox 326 3305 390 3376; x_wconf 92' lang='lat' dir='ltr'><strong>quc</strong></span> <span class='ocrx_word' id='word_1_227' title='bbox 410 3287 531 3370; x_wconf 87' lang='lat' dir='ltr'><strong>libros,</strong></span> <span class='ocrx_word' id='word_1_228' title='bbox 552 3284 607 3370; x_wconf 91' lang='lat' dir='ltr'><strong>qui</strong></span> <span class='ocrx_word' id='word_1_229' title='bbox 628 3279 842 3368; x_wconf 78' lang='lat' dir='ltr'><strong>perlongum</strong></span> <span class='ocrx_word' id='word_1_230' title='bbox 864 3276 1048 3343; x_wconf 87' lang='lat' dir='ltr'><strong>seculorum</strong></span> <span class='ocrx_word' id='word_1_231' title='bbox 1069 3276 1222 3341; x_wconf 87' lang='lat' dir='ltr'><strong>ambitum</strong></span> <span class='ocrx_word' id='word_1_232' title='bbox 1243 3276 1428 3362; x_wconf 85' lang='lat' dir='ltr'><strong>latuerant,</strong></span> <span class='ocrx_word' id='word_1_233' title='bbox 1458 3281 1494 3345; x_wconf 92' lang='lat' dir='ltr'><strong>in</strong></span> <span class='ocrx_word' id='word_1_234' title='bbox 1515 3280 1656 3348; x_wconf 87' lang='lat' dir='ltr'><strong>saltibus</strong></span> 
     </span>
     <span class='ocr_line' id='line_1_26' title="bbox 326 3385 1656 3483; baseline -0.011 -10"><span class='ocrx_word' id='word_1_235' title='bbox 326 3401 522 3473; x_wconf 83' lang='lat' dir='ltr'><strong>Germaniae</strong></span> <span class='ocrx_word' id='word_1_236' title='bbox 542 3396 680 3462; x_wconf 86' lang='lat' dir='ltr'><strong>invenit.</strong></span> <span class='ocrx_word' id='word_1_237' title='bbox 723 3389 827 3473; x_wconf 79' lang='lat' dir='ltr'><strong>Quam</strong></span> <span class='ocrx_word' id='word_1_238' title='bbox 849 3394 885 3455; x_wconf 91' lang='lat' dir='ltr'><strong>tu</strong></span> <span class='ocrx_word' id='word_1_239' title='bbox 907 3388 1061 3476; x_wconf 89' lang='lat' dir='ltr'><strong>praedam</strong></span> <span class='ocrx_word' id='word_1_240' title='bbox 1082 3385 1127 3453; x_wconf 91' lang='lat' dir='ltr'><strong>ad</strong></span> <span class='ocrx_word' id='word_1_241' title='bbox 1147 3392 1181 3454; x_wconf 86' lang='lat' dir='ltr'><strong>te</strong></span> <span class='ocrx_word' id='word_1_242' title='bbox 1202 3388 1350 3468; x_wconf 86' lang='lat' dir='ltr'><strong>allatam,</strong></span> <span class='ocrx_word' id='word_1_243' title='bbox 1371 3409 1412 3459; x_wconf 92' lang='lat' dir='ltr'><strong>ac</strong></span> <span class='ocrx_word' id='word_1_244' title='bbox 1432 3411 1553 3483; x_wconf 80' lang='lat' dir='ltr'><strong>magna</strong></span> <span class='ocrx_word' id='word_1_245' title='bbox 1565 3412 1656 3460; x_wconf 90' lang='lat' dir='ltr'><strong>mer-</strong></span> 
     </span>
     <span class='ocr_line' id='line_1_27' title="bbox 325 3500 1654 3598; baseline -0.008 -14"><span class='ocrx_word' id='word_1_246' title='bbox 325 3511 407 3584; x_wconf 88' lang='lat' dir='ltr'><strong>cede</strong></span> <span class='ocrx_word' id='word_1_247' title='bbox 428 3511 650 3598; x_wconf 86' lang='lat' dir='ltr'><strong>comparatam</strong></span> <span class='ocrx_word' id='word_1_248' title='bbox 672 3507 755 3575; x_wconf 74' lang='lat' dir='ltr'><strong>cet·</strong></span> <span class='ocrx_word' id='word_1_249' title='bbox 801 3504 987 3571; x_wconf 74' lang='lat' dir='ltr'><strong>concinunt</strong></span> <span class='ocrx_word' id='word_1_250' title='bbox 1012 3500 1095 3569; x_wconf 89' lang='lat' dir='ltr'><strong>haec</strong></span> <span class='ocrx_word' id='word_1_251' title='bbox 1119 3501 1234 3568; x_wconf 83' lang='lat' dir='ltr'><strong>verbis</strong></span> <span class='ocrx_word' id='word_1_252' title='bbox 1254 3502 1338 3595; x_wconf 87' lang='lat' dir='ltr'><strong>iliis,</strong></span> <span class='ocrx_word' id='word_1_253' title='bbox 1361 3523 1445 3589; x_wconf 91' lang='lat' dir='ltr'><strong>quae</strong></span> <span class='ocrx_word' id='word_1_254' title='bbox 1465 3505 1509 3572; x_wconf 91' lang='lat' dir='ltr'><strong>ad</strong></span> <span class='ocrx_word' id='word_1_255' title='bbox 1530 3508 1654 3575; x_wconf 86' lang='lat' dir='ltr'><strong>calcem</strong></span> 
     </span>
     <span class='ocr_line' id='line_1_28' title="bbox 325 3613 1656 3707; baseline -0.007 -11"><span class='ocrx_word' id='word_1_256' title='bbox 325 3627 434 3696; x_wconf 88' lang='lat' dir='ltr'><strong>dictae</strong></span> <span class='ocrx_word' id='word_1_257' title='bbox 456 3622 611 3694; x_wconf 58' lang='lat' dir='ltr'><strong>erutonis</strong></span> <span class='ocrx_word' id='word_1_258' title='bbox 630 3619 785 3707; x_wconf 86' lang='lat' dir='ltr'><strong>apposita</strong></span> <span class='ocrx_word' id='word_1_259' title='bbox 812 3620 910 3705; x_wconf 88' lang='lat' dir='ltr'><strong>aunt,</strong></span> <span class='ocrx_word' id='word_1_260' title='bbox 942 3613 1121 3681; x_wconf 78' lang='lat' dir='ltr'><strong>videlicet:</strong></span> <span class='ocrx_word' id='word_1_261' title='bbox 1158 3614 1315 3684; x_wconf 78' lang='lat' dir='ltr'><strong>«Nomine</strong></span> <span class='ocrx_word' id='word_1_262' title='bbox 1336 3618 1460 3686; x_wconf 87' lang='lat' dir='ltr'><strong>Leonis</strong></span> <span class='ocrx_word' id='word_1_263' title='bbox 1480 3617 1525 3686; x_wconf 82' lang='grc' dir='ltr'><strong>Χ,</strong></span> <span class='ocrx_word' id='word_1_264' title='bbox 1556 3618 1656 3687; x_wconf 85' lang='lat' dir='ltr'><strong>Pont.</strong></span> 
     </span>
     <span class='ocr_line' id='line_1_29' title="bbox 325 3726 1655 3824; baseline -0.008 -19"><span class='ocrx_word' id='word_1_265' title='bbox 325 3739 420 3810; x_wconf 84' lang='lat' dir='ltr'><strong>Max.</strong></span> <span class='ocrx_word' id='word_1_266' title='bbox 440 3735 613 3824; x_wconf 86' lang='lat' dir='ltr'><strong>proposita</strong></span> <span class='ocrx_word' id='word_1_267' title='bbox 632 3734 711 3802; x_wconf 87' lang='lat' dir='ltr'><strong>sunt</strong></span> <span class='ocrx_word' id='word_1_268' title='bbox 731 3731 877 3813; x_wconf 88' lang='lat' dir='ltr'><strong>praemia</strong></span> <span class='ocrx_word' id='word_1_269' title='bbox 896 3747 965 3794; x_wconf 95' lang='lat' dir='ltr'><strong>non</strong></span> <span class='ocrx_word' id='word_1_270' title='bbox 992 3727 1171 3794; x_wconf 89' lang='lat' dir='ltr'><strong>mediocria</strong></span> <span class='ocrx_word' id='word_1_271' title='bbox 1196 3726 1268 3816; x_wconf 90' lang='lat' dir='ltr'><strong>his,</strong></span> <span class='ocrx_word' id='word_1_272' title='bbox 1302 3731 1357 3817; x_wconf 90' lang='lat' dir='ltr'><strong>qui</strong></span> <span class='ocrx_word' id='word_1_273' title='bbox 1384 3730 1427 3797; x_wconf 90' lang='lat' dir='ltr'><strong>ad</strong></span> <span class='ocrx_word' id='word_1_274' title='bbox 1454 3751 1526 3800; x_wconf 88' lang='lat' dir='ltr'><strong>aum</strong></span> <span class='ocrx_word' id='word_1_275' title='bbox 1552 3733 1655 3802; x_wconf 85' lang='lat' dir='ltr'><strong>libros</strong></span> 
     </span>
     <span class='ocr_line' id='line_1_30' title="bbox 324 3840 1654 3936; baseline -0.006 -14"><span class='ocrx_word' id='word_1_276' title='bbox 324 3858 476 3935; x_wconf 87' lang='lat' dir='ltr'><strong>veteres,</strong></span> <span class='ocrx_word' id='word_1_277' title='bbox 496 3865 604 3936; x_wconf 89' lang='lat' dir='ltr'><strong>neque</strong></span> <span class='ocrx_word' id='word_1_278' title='bbox 617 3845 780 3913; x_wconf 88' lang='lat' dir='ltr'><strong>hactenus</strong></span> <span class='ocrx_word' id='word_1_279' title='bbox 801 3842 909 3910; x_wconf 88' lang='lat' dir='ltr'><strong>editos</strong></span> <span class='ocrx_word' id='word_1_280' title='bbox 928 3841 1102 3909; x_wconf 89' lang='lat' dir='ltr'><strong>attulerint</strong></span> <span class='ocrx_word' id='word_1_281' title='bbox 1122 3844 1203 3908; x_wconf 77' lang='lat' dir='ltr'><strong>cet·</strong></span> <span class='ocrx_word' id='word_1_282' title='bbox 1248 3840 1305 3908; x_wconf 80' lang='lat' dir='ltr'><strong>Ad</strong></span> <span class='ocrx_word' id='word_1_283' title='bbox 1327 3861 1384 3932; x_wconf 91' lang='lat' dir='ltr'><strong>ca,</strong></span> <span class='ocrx_word' id='word_1_284' title='bbox 1406 3864 1490 3934; x_wconf 88' lang='lat' dir='ltr'><strong>quae</strong></span> <span class='ocrx_word' id='word_1_285' title='bbox 1505 3845 1547 3914; x_wconf 88' lang='lat' dir='ltr'><strong>de</strong></span> <span class='ocrx_word' id='word_1_286' title='bbox 1561 3846 1654 3916; x_wconf 89' lang='lat' dir='ltr'><strong>ldace</strong></span> 
     </span>
     <span class='ocr_line' id='line_1_31' title="bbox 326 3950 1654 4058; baseline -0.006 -22"><span class='ocrx_word' id='word_1_287' title='bbox 326 3969 467 4058; x_wconf 88' lang='lat' dir='ltr'><strong>quinque</strong></span> <span class='ocrx_word' id='word_1_288' title='bbox 488 3960 652 4049; x_wconf 87' lang='lat' dir='ltr'><strong>prioribus</strong></span> <span class='ocrx_word' id='word_1_289' title='bbox 672 3953 816 4025; x_wconf 78' lang='lat' dir='ltr'><strong>Cornelii</strong></span> <span class='ocrx_word' id='word_1_290' title='bbox 845 3954 939 4022; x_wconf 88' lang='lat' dir='ltr'><strong>libris</strong></span> <span class='ocrx_word' id='word_1_291' title='bbox 965 3953 1139 4039; x_wconf 79' lang='lat' dir='ltr'><strong>praefatur</strong></span> <span class='ocrx_word' id='word_1_292' title='bbox 1164 3950 1319 4022; x_wconf 88' lang='lat' dir='ltr'><strong>laudatus</strong></span> <span class='ocrx_word' id='word_1_293' title='bbox 1339 3955 1526 4026; x_wconf 87' lang='lat' dir='ltr'><strong>Beroaldus</strong></span> <span class='ocrx_word' id='word_1_294' title='bbox 1550 3977 1654 4028; x_wconf 91' lang='lat' dir='ltr'><strong>acce-</strong></span> 
     </span>
     <span class='ocr_line' id='line_1_32' title="bbox 325 4063 1647 4162; baseline -0.006 -14"><span class='ocrx_word' id='word_1_295' title='bbox 325 4080 407 4148; x_wconf 88' lang='lat' dir='ltr'><strong>dant</strong></span> <span class='ocrx_word' id='word_1_296' title='bbox 421 4075 518 4146; x_wconf 86' lang='lat' dir='ltr'><strong>eiiam</strong></span> <span class='ocrx_word' id='word_1_297' title='bbox 533 4091 617 4162; x_wconf 90' lang='lat' dir='ltr'><strong>quae</strong></span> <span class='ocrx_word' id='word_1_298' title='bbox 630 4072 763 4159; x_wconf 89' lang='lat' dir='ltr'><strong>Lipsius</strong></span> <span class='ocrx_word' id='word_1_299' title='bbox 778 4068 932 4136; x_wconf 87' lang='lat' dir='ltr'><strong>edisserit</strong></span> <span class='ocrx_word' id='word_1_300' title='bbox 946 4063 989 4134; x_wconf 87' lang='lat' dir='ltr'><strong>ad</strong></span> <span class='ocrx_word' id='word_1_301' title='bbox 1005 4085 1046 4133; x_wconf 90' lang='lat' dir='ltr'><strong>ca</strong></span> <span class='ocrx_word' id='word_1_302' title='bbox 1058 4066 1164 4133; x_wconf 84' lang='lat' dir='ltr'><strong>verba</strong></span> <span class='ocrx_word' id='word_1_303' title='bbox 1177 4066 1223 4132; x_wconf 92' lang='lat' dir='ltr'><strong>Il.</strong></span> <span class='ocrx_word' id='word_1_304' title='bbox 1243 4065 1422 4136; x_wconf 82' lang='lat' dir='ltr'><strong>Annalium</strong></span> <span class='ocrx_word' id='word_1_305' title='bbox 1436 4071 1554 4158; x_wconf 80' lang='lat' dir='ltr'><strong>capite</strong></span> <span class='ocrx_word' id='word_1_306' title='bbox 1568 4071 1647 4147; x_wconf 75' lang='lat' dir='ltr'><strong>DL:</strong></span> 
     </span>
     <span class='ocr_line' id='line_1_33' title="bbox 323 4178 1652 4282; baseline -0.005 -21"><span class='ocrx_word' id='word_1_307' title='bbox 323 4193 454 4282; x_wconf 77' lang='lat' dir='ltr'><strong>flamm</strong></span> <span class='ocrx_word' id='word_1_308' title='bbox 481 4187 636 4275; x_wconf 75' lang='lat' dir='ltr'><strong>Vieorpia</strong></span> <span class='ocrx_word' id='word_1_309' title='bbox 661 4181 894 4270; x_wconf 78' lang='lat' dir='ltr'><strong>irrtcrfioebot.</strong></span> <span class='ocrx_word' id='word_1_310' title='bbox 951 4178 1089 4246; x_wconf 74' lang='lat' dir='ltr'><strong>«Mutua</strong></span> <span class='ocrx_word' id='word_1_311' title='bbox 1109 4179 1329 4246; x_wconf 85' lang='lat' dir='ltr'><strong>Romanorum</strong></span> <span class='ocrx_word' id='word_1_312' title='bbox 1351 4179 1652 4274; x_wconf 79' lang='lat' dir='ltr'><strong>Germanorumque</strong></span> 
     </span>
     <span class='ocr_line' id='line_1_34' title="bbox 326 4288 1651 4384; baseline -0.008 -7"><span class='ocrx_word' id='word_1_313' title='bbox 326 4304 421 4378; x_wconf 88' lang='lat' dir='ltr'><strong>clade</strong></span> <span class='ocrx_word' id='word_1_314' title='bbox 442 4301 562 4370; x_wconf 88' lang='lat' dir='ltr'><strong>nobiiis</strong></span> <span class='ocrx_word' id='word_1_315' title='bbox 582 4298 702 4384; x_wconf 88' lang='lat' dir='ltr'><strong>amnis,</strong></span> <span class='ocrx_word' id='word_1_316' title='bbox 723 4297 775 4365; x_wconf 93' lang='lat' dir='ltr'><strong>cui</strong></span> <span class='ocrx_word' id='word_1_317' title='bbox 790 4295 907 4362; x_wconf 83' lang='lat' dir='ltr'><strong>famam</strong></span> <span class='ocrx_word' id='word_1_318' title='bbox 922 4293 1101 4379; x_wconf 88' lang='lat' dir='ltr'><strong>praecipue</strong></span> <span class='ocrx_word' id='word_1_319' title='bbox 1113 4288 1250 4359; x_wconf 82' lang='lat' dir='ltr'><strong>&#39;lucitus</strong></span> <span class='ocrx_word' id='word_1_320' title='bbox 1263 4290 1371 4378; x_wconf 88' lang='lat' dir='ltr'><strong>dedit,</strong></span> <span class='ocrx_word' id='word_1_321' title='bbox 1392 4299 1427 4362; x_wconf 88' lang='lat' dir='ltr'><strong>et</strong></span> <span class='ocrx_word' id='word_1_322' title='bbox 1448 4299 1518 4382; x_wconf 88' lang='lat' dir='ltr'><strong>ipse</strong></span> <span class='ocrx_word' id='word_1_323' title='bbox 1533 4297 1651 4368; x_wconf 81' lang='lat' dir='ltr'><strong>&#39;lecito</strong></span> 
     </span>
    </p>
   </div>
   <div class='ocr_carea' id='block_1_3' title="bbox 325 4403 1731 5078">
    <p class='ocr_par' dir='ltr' id='par_1_4' title="bbox 325 4403 1731 5078">
     <span class='ocr_line' id='line_1_35' title="bbox 326 4403 1651 4504; baseline -0.003 -18"><span class='ocrx_word' id='word_1_324' title='bbox 326 4412 462 4504; x_wconf 82' lang='lat' dir='ltr'><strong>(mirum</strong></span> <span class='ocrx_word' id='word_1_325' title='bbox 475 4403 601 4493; x_wconf 84' lang='lat' dir='ltr'><strong>iatum]</strong></span> <span class='ocrx_word' id='word_1_326' title='bbox 615 4411 726 4477; x_wconf 86' lang='lat' dir='ltr'><strong>vitam.</strong></span> <span class='ocrx_word' id='word_1_327' title='bbox 766 4408 848 4476; x_wconf 88' lang='lat' dir='ltr'><strong>Nam</strong></span> <span class='ocrx_word' id='word_1_328' title='bbox 864 4409 1006 4493; x_wconf 87' lang='lat' dir='ltr'><strong>quinque</strong></span> <span class='ocrx_word' id='word_1_329' title='bbox 1026 4404 1060 4470; x_wconf 89' lang='lat' dir='ltr'><strong>hi</strong></span> <span class='ocrx_word' id='word_1_330' title='bbox 1077 4405 1237 4491; x_wconf 90' lang='lat' dir='ltr'><strong>primores</strong></span> <span class='ocrx_word' id='word_1_331' title='bbox 1250 4407 1324 4474; x_wconf 91' lang='lat' dir='ltr'><strong>libri</strong></span> <span class='ocrx_word' id='word_1_332' title='bbox 1338 4410 1465 4476; x_wconf 88' lang='lat' dir='ltr'><strong>inventi</strong></span> <span class='ocrx_word' id='word_1_333' title='bbox 1479 4407 1651 4498; x_wconf 73' lang='lat' dir='ltr'><strong>corbeiae,</strong></span> 
     </span>
     <span class='ocr_line' id='line_1_36' title="bbox 327 4517 1731 4622; baseline -0.004 -22"><span class='ocrx_word' id='word_1_334' title='bbox 327 4530 414 4622; x_wconf 93' lang='lat' dir='ltr'><strong>quod</strong></span> <span class='ocrx_word' id='word_1_335' title='bbox 440 4525 673 4598; x_wconf 89' lang='lat' dir='ltr'><strong>monasterium</strong></span> <span class='ocrx_word' id='word_1_336' title='bbox 698 4521 743 4590; x_wconf 92' lang='lat' dir='ltr'><strong>ad</strong></span> <span class='ocrx_word' id='word_1_337' title='bbox 762 4520 930 4610; x_wconf 80' lang='lat' dir='ltr'><strong>Visurgim</strong></span> <span class='ocrx_word' id='word_1_338' title='bbox 958 4522 1019 4586; x_wconf 88' lang='lat' dir='ltr'><strong>cst·</strong></span> <span class='ocrx_word' id='word_1_339' title='bbox 1062 4517 1176 4604; x_wconf 83' lang='lat' dir='ltr'><strong>Atque</strong></span> <span class='ocrx_word' id='word_1_340' title='bbox 1203 4520 1293 4587; x_wconf 93' lang='lat' dir='ltr'><strong>illinc</strong></span> <span class='ocrx_word' id='word_1_341' title='bbox 1320 4520 1548 4610; x_wconf 89' lang='lat' dir='ltr'><strong>depromptum</strong></span> <span class='ocrx_word' id='word_1_342' title='bbox 1567 4545 1650 4595; x_wconf 86' lang='lat' dir='ltr'><strong>vere</strong></span> <span class='ocrx_word' id='word_1_343' title='bbox 1722 4535 1731 4554; x_wconf 89' lang='grc'><em>·</em></span> 
     </span>
     <span class='ocr_line' id='line_1_37' title="bbox 325 4631 1650 4724; baseline -0.014 -8"><span class='ocrx_word' id='word_1_344' title='bbox 325 4646 413 4716; x_wconf 87' lang='lat' dir='ltr'><strong>bunc</strong></span> <span class='ocrx_word' id='word_1_345' title='bbox 433 4643 623 4710; x_wconf 86' lang='lat' dir='ltr'><strong>thesaurum</strong></span> <span class='ocrx_word' id='word_1_346' title='bbox 645 4638 800 4724; x_wconf 88' lang='lat' dir='ltr'><strong>quaestor</strong></span> <span class='ocrx_word' id='word_1_347' title='bbox 821 4631 950 4720; x_wconf 88' lang='lat' dir='ltr'><strong>quidam</strong></span> <span class='ocrx_word' id='word_1_348' title='bbox 970 4631 1159 4720; x_wconf 79' lang='lat' dir='ltr'><strong>pontificius</strong></span> <span class='ocrx_word' id='word_1_349' title='bbox 1178 4631 1222 4698; x_wconf 93' lang='lat' dir='ltr'><strong>ad</strong></span> <span class='ocrx_word' id='word_1_350' title='bbox 1241 4651 1394 4724; x_wconf 76' lang='lat' dir='ltr'><strong>magnum</strong></span> <span class='ocrx_word' id='word_1_351' title='bbox 1414 4636 1559 4707; x_wconf 87' lang='lat' dir='ltr'><strong>Leonem</strong></span> <span class='ocrx_word' id='word_1_352' title='bbox 1585 4637 1650 4708; x_wconf 84' lang='lat' dir='ltr'><strong>de.</strong></span> 
     </span>
     <span class='ocr_line' id='line_1_38' title="bbox 325 4744 1650 4839; baseline -0.004 -12"><span class='ocrx_word' id='word_1_353' title='bbox 325 4759 419 4839; x_wconf 85' lang='lat' dir='ltr'><strong>tulit,</strong></span> <span class='ocrx_word' id='word_1_354' title='bbox 441 4755 583 4823; x_wconf 90' lang='lat' dir='ltr'><strong>donatus</strong></span> <span class='ocrx_word' id='word_1_355' title='bbox 604 4751 647 4818; x_wconf 91' lang='lat' dir='ltr'><strong>ab</strong></span> <span class='ocrx_word' id='word_1_356' title='bbox 668 4768 708 4817; x_wconf 92' lang='lat' dir='ltr'><strong>eo</strong></span> <span class='ocrx_word' id='word_1_357' title='bbox 729 4747 839 4815; x_wconf 88' lang='lat' dir='ltr'><strong>aureis</strong></span> <span class='ocrx_word' id='word_1_358' title='bbox 859 4744 1077 4834; x_wconf 77' lang='lat' dir='ltr'><strong>quingentis·</strong></span> <span class='ocrx_word' id='word_1_359' title='bbox 1113 4745 1245 4831; x_wconf 83' lang='lat' dir='ltr'><strong>Lipsius</strong></span> <span class='ocrx_word' id='word_1_360' title='bbox 1259 4745 1344 4814; x_wconf 89' lang='lat' dir='ltr'><strong>idam</strong></span> <span class='ocrx_word' id='word_1_361' title='bbox 1357 4749 1393 4815; x_wconf 91' lang='lat' dir='ltr'><strong>in</strong></span> <span class='ocrx_word' id='word_1_362' title='bbox 1408 4748 1650 4839; x_wconf 84' lang='lat' dir='ltr'><strong>Dispunctione</strong></span> 
     </span>
     <span class='ocr_line' id='line_1_39' title="bbox 326 4857 1649 4956; baseline -0.007 -13"><span class='ocrx_word' id='word_1_363' title='bbox 326 4875 478 4944; x_wconf 87' lang='lat' dir='ltr'><strong>notarum</strong></span> <span class='ocrx_word' id='word_1_364' title='bbox 497 4863 630 4936; x_wconf 78' lang='lat' dir='ltr'><strong>Codicis</strong></span> <span class='ocrx_word' id='word_1_365' title='bbox 649 4858 875 4932; x_wconf 86' lang='lat' dir='ltr'><strong>Mirandulani</strong></span> <span class='ocrx_word' id='word_1_366' title='bbox 904 4857 1013 4926; x_wconf 85' lang='lat' dir='ltr'><strong>addit:</strong></span> <span class='ocrx_word' id='word_1_367' title='bbox 1050 4857 1222 4928; x_wconf 74' lang='lat' dir='ltr'><strong>«Codicem</strong></span> <span class='ocrx_word' id='word_1_368' title='bbox 1252 4860 1340 4928; x_wconf 92' lang='lat' dir='ltr'><strong>illum</strong></span> <span class='ocrx_word' id='word_1_369' title='bbox 1371 4866 1460 4931; x_wconf 89' lang='lat' dir='ltr'><strong>tuum</strong></span> <span class='ocrx_word' id='word_1_370' title='bbox 1491 4864 1649 4956; x_wconf 86' lang='lat' dir='ltr'><strong>advocas,</strong></span> 
     </span>
     <span class='ocr_line' id='line_1_40' title="bbox 327 4971 1649 5078; baseline -0.003 -22"><span class='ocrx_word' id='word_1_371' title='bbox 327 5005 462 5078; x_wconf 87' lang='lat' dir='ltr'><strong>quorum</strong></span> <span class='ocrx_word' id='word_1_372' title='bbox 481 4981 578 5051; x_wconf 89' lang='lat' dir='ltr'><strong>urdce</strong></span> <span class='ocrx_word' id='word_1_373' title='bbox 599 4979 730 5048; x_wconf 82' lang='lat' dir='ltr'><strong>unicum</strong></span> <span class='ocrx_word' id='word_1_374' title='bbox 749 4975 784 5044; x_wconf 93' lang='lat' dir='ltr'><strong>in</strong></span> <span class='ocrx_word' id='word_1_375' title='bbox 806 4976 879 5042; x_wconf 91' lang='lat' dir='ltr'><strong>tota</strong></span> <span class='ocrx_word' id='word_1_376' title='bbox 891 4971 1028 5060; x_wconf 78' lang='lat' dir='ltr'><strong>Europa</strong></span> <span class='ocrx_word' id='word_1_377' title='bbox 1041 4974 1211 5061; x_wconf 82' lang='lat' dir='ltr'><strong>exemplar</strong></span> <span class='ocrx_word' id='word_1_378' title='bbox 1224 4991 1302 5044; x_wconf 87' lang='lat' dir='ltr'><strong>case</strong></span> <span class='ocrx_word' id='word_1_379' title='bbox 1315 4974 1477 5046; x_wconf 85' lang='lat' dir='ltr'><strong>hacteuus</strong></span> <span class='ocrx_word' id='word_1_380' title='bbox 1489 4977 1649 5052; x_wconf 86' lang='lat' dir='ltr'><strong>audimus.</strong></span> 
     </span>
    </p>
   </div>
   <div class='ocr_carea' id='block_1_4' title="bbox 328 5123 544 5148">
    <p class='ocr_par' dir='ltr' id='par_1_5' title="bbox 328 5123 544 5148">
     <span class='ocr_line' id='line_1_41' title="bbox 328 5123 544 5148; baseline -0.005 0"><span class='ocrx_word' id='word_1_381' title='bbox 328 5123 544 5148; x_wconf 67' lang='lat' dir='ltr'><strong>nuu—-··&#39;</strong></span> 
     </span>
    </p>
   </div>
   <div class='ocr_carea' id='block_1_5' title="bbox 394 5189 1257 5276">
    <p class='ocr_par' dir='ltr' id='par_1_6' title="bbox 394 5189 1257 5276">
     <span class='ocr_line' id='line_1_42' title="bbox 394 5189 1257 5276; baseline -0.014 -16"><span class='ocrx_word' id='word_1_382' title='bbox 394 5205 421 5276; x_wconf 83' lang='lat' dir='ltr'><strong>i)</strong></span> <span class='ocrx_word' id='word_1_383' title='bbox 439 5199 569 5258; x_wconf 74' lang='lat' dir='ltr'><strong>libiadis</strong></span> <span class='ocrx_word' id='word_1_384' title='bbox 586 5199 695 5254; x_wconf 80' lang='lat' dir='ltr'><strong>auraria</strong></span> <span class='ocrx_word' id='word_1_385' title='bbox 710 5192 775 5249; x_wconf 78' lang='lat' dir='ltr'><strong>cisa</strong></span> <span class='ocrx_word' id='word_1_386' title='bbox 790 5194 847 5251; x_wconf 75' lang='lat' dir='ltr'><strong>rico</strong></span> <span class='ocrx_word' id='word_1_387' title='bbox 863 5189 1007 5248; x_wconf 70' lang='lat' dir='ltr'><strong>brunda</strong></span> <span class='ocrx_word' id='word_1_388' title='bbox 1022 5189 1118 5250; x_wconf 75' lang='lat' dir='ltr'><strong>lietu</strong></span> <span class='ocrx_word' id='word_1_389' title='bbox 1134 5201 1194 5260; x_wconf 71' lang='lat' dir='ltr'><strong>psa.</strong></span> <span class='ocrx_word' id='word_1_390' title='bbox 1210 5192 1257 5251; x_wconf 79' lang='lat' dir='ltr'><strong>ia.</strong></span> 
     </span>
    </p>
   </div>
   <div class='ocr_carea' id='block_1_6' title="bbox 0 0 1872 5917">
    <p class='ocr_par' dir='ltr' id='par_1_7' title="bbox 0 0 1872 5917">
     <span class='ocr_line' id='line_1_43' title="bbox 0 0 1872 5917; baseline 0 6"><span class='ocrx_word' id='word_1_391' title='bbox 0 0 1872 5917; x_wconf 95' lang='lat' dir='ltr'><strong> </strong></span> 
     </span>
    </p>
   </div>
  </div>
 </body>
</html>
