3734 5917
307 506 370 571 8⁰⁰
689 503 878 570 CORNELII
898 502 1034 568 nicini
1055 503 1259 569 inutilitas

305 661 528 749 connaltnsqne
550 663 664 729 Caesar
683 682 725 729 an
745 661 872 750 sepeliri
892 661 1027 741 sineret,
1048 683 1112 729 non
1134 662 1260 731 erubuit
1280 661 1480 750 permittere,
1495 661 1641 752 ultroque

305 779 450 843 mennae
480 797 572 841 casus
600 778 655 862 qni
686 797 775 842 reum
805 775 1022 854 abstulissent,
1053 784 1218 862 antequam
1249 797 1355 843 coram
1387 778 1637 845 convinceretur.

305 890 425 957 subest
445 886 551 955 medio
574 888 711 956 trienmo
725 887 869 956 defuerat
889 897 1012 976 tempus
1034 888 1190 956 subeundi
1211 887 1360 956 indicium
1383 888 1538 956 consulari
1559 889 1637 966 seui,

304 1011 353 1070 tot
372 1000 583 1068 consularium
605 1001 737 1088 parenti.
784 1005 905 1070 Drusus
926 1003 1040 1069 deinde
1062 1004 1279 1090 exstinguitur,
1302 1023 1372 1069 cum
1394 1023 1430 1068 se
1452 1001 1637 1069 miserandis

285 1115 478 1194 adimentis,
503 1115 719 1182 mandendae
740 1114 837 1182 cubili
860 1124 1014 1193 tomento,
1036 1137 1155 1183 nouum
1177 1116 1216 1183 ad
1237 1119 1321 1182 diem
1343 1115 1536 1182 detinuisset.
1576 1124 1638 1182 tra·

306 1231 416 1296 didere
436 1228 565 1315 quidam
586 1231 812 1316 praescriptum
834 1227 931 1295 luisse
953 1231 1107 1306 Macroni,
1124 1228 1152 1295 si
1173 1251 1261 1296 arma
1282 1233 1322 1295 ab
1345 1229 1459 1295 Seiano
1480 1234 1638 1296 tentaren-

306 1351 366 1418 tur,
389 1349 564 1409 extractnm
587 1341 747 1408 custodiae
768 1340 915 1409 invenem
929 1346 1015 1422 (nam
1036 1343 1069 1408 in
1086 1343 1205 1410 Palatio
1226 1339 1431 1422 attinebatur)
1449 1347 1558 1408 ducem
1580 1363 1638 1427 po·

303 1458 380 1543 pulo
401 1457 576 1543 imponere.
612 1452 689 1520 mox
710 1457 784 1542 quia
804 1475 917 1523 rumor
937 1456 1103 1523 incedebat
1123 1454 1191 1522 iore
1213 1465 1248 1520 ui
1269 1477 1352 1522 nuru
1373 1477 1409 1521 ac
1431 1456 1539 1542 nepoti
1561 1476 1636 1522 con·

304 1569 465 1635 ciliaretnr
485 1570 609 1644 Caesar,
638 1568 801 1634 saevitiam
828 1589 921 1655 qnam
949 1569 1169 1656 paenitentiam
1198 1570 1317 1634 maluit.
1359 1567 1418 1652 (ati
1441 1568 1516 1656 quin
1537 1579 1569 1634 et
1589 1569 1638 1634 in·

267 1684 465 1749 erraturis
487 1680 684 1758 defunctum,
713 1684 830 1768 probra
852 1687 1012 1766 corporis,
1034 1680 1227 1748 exitiabilem
1248 1684 1281 1746 in
1302 1701 1391 1760 suos,
1413 1681 1567 1748 insensum
1589 1682 1636 1748 rei

303 1795 449 1880 publicae
471 1794 608 1861 animum
632 1795 762 1872 obiecit,
781 1795 970 1882 recitarique
991 1795 1144 1862 factorum
1160 1798 1378 1882 dictorumque
1400 1797 1468 1861 eius
1482 1797 1638 1883 descripta

303 1928 361 1995 per
383 1911 450 1974 dies
471 1910 579 1984 iussit,
601 1929 665 1994 quo
687 1927 752 1975 non
773 1907 860 1973 aliud
880 1910 1020 1974 atrocius
1041 1910 1153 1972 visum.
1201 1906 1355 1974 adstitisse
1384 1915 1431 1974 tot
1460 1927 1517 1994 per
1537 1928 1636 1973 anuos

304 2025 358 2107 qni
376 2021 506 2098 vultum,
531 2021 678 2106 gemitus,
693 2019 849 2086 occultum
863 2023 958 2086 etiam
977 2042 1118 2086 murmur
1132 2020 1328 2105 exciperent,
1345 2027 1376 2086 et
1389 2023 1527 2107 potuisse
1541 2043 1634 2087 avum

303 2137 425 2212 andire,
441 2134 559 2220 legere,
576 2136 609 2199 in
625 2132 785 2218 publicum
801 2153 959 2220 promere,
977 2133 1031 2198 vix
1046 2131 1142 2210 lides,
1166 2134 1226 2198 nisi
1241 2136 1325 2219 qnod
1346 2135 1421 2199 Attii
1444 2137 1636 2201 centurionis

265 2268 294 2312 aa
303 2256 337 2314 et
356 2247 480 2336 Didymi
502 2248 607 2313 liberti
629 2247 779 2334 epistulae
800 2267 966 2314 serrorum
987 2248 1113 2313 nomina
1139 2246 1375 2332 praeferebant,
1398 2255 1433 2313 ut
1454 2246 1524 2333 quis
1545 2267 1636 2332 egre-

302 2359 440 2427 dientem
462 2360 606 2426 oubiculo
628 2362 763 2426 Drusum
784 2360 974 2444 pulsaverat,
1000 2367 1208 2425 exterruerat.
1249 2361 1343 2425 etiam
1367 2381 1422 2425 sna
1443 2363 1540 2426 rerba
1562 2381 1636 2426 cen-

302 2474 387 2541 turio
408 2475 557 2539 mendae
577 2474 689 2557 plena,
712 2480 870 2559 tamquam
892 2471 1070 2557 egregium,
1094 2493 1251 2559 vocesque
1274 2471 1446 2542 deficientis
1468 2475 1634 2551 adiecerat,

303 2587 374 2675 quis
404 2586 505 2674 primo
535 2584 754 2652 alienationem
783 2585 896 2651 mentis
927 2585 1076 2651 simulans
1105 2586 1193 2671 quasi
1221 2605 1279 2672 per
1300 2584 1487 2652 dementiam
1513 2584 1635 2652 funesta

302 2699 448 2777 Tiberio,
476 2721 552 2765 mox
579 2699 636 2767 ubi
663 2719 775 2786 exspes
802 2701 884 2766 ritae
913 2697 988 2775 luit,
1012 2698 1174 2764 meditatas
1196 2700 1448 2786 compositasque
1472 2697 1555 2765 diras
1578 2703 1635 2766 irn-

371 2932 397 2986 5.
413 2935 607 2996 menmium
624 2932 668 2991 ii,
687 2945 740 2983 uon
758 2933 918 2995 diremptam
934 2930 1065 2981 liberant.
1086 2957 1118 2968 -
1134 2935 1323 2993 temptarentttr
1334 2929 1371 2982 ii.
1387 2957 1418 2968 -
1430 2932 1457 2983 i.
1473 2937 1635 2984 castratura

301 3002 340 3055 ti.
368 3027 400 3040 -
431 3005 518 3056 ilabet
544 3004 679 3055 custodiae
704 3003 742 3054 ie.
761 3002 829 3054 Ante
856 3002 1005 3052 Bellorum
1025 3000 1140 3053 edebant
1157 3002 1294 3058 carindia,
1325 3002 1352 3051 id
1372 3002 1444 3065 quod
1463 3008 1635 3054 restituerunt

302 3074 388 3123 liitter
406 3080 432 3124 ei
451 3072 620 3125 Doederlein.
650 3100 678 3110 -
709 3073 735 3122 8.
754 3072 884 3132 nurubl,
904 3073 986 3126 nti.
1008 3071 1070 3123 30.:
1097 3075 1179 3122 nurui
1197 3085 1255 3122 curn
1274 3073 1364 3135 Lipsio
1383 3074 1413 3123 it.
1444 3098 1474 3110 -·
1504 3075 1546 3125 12.
1565 3075 1634 3125 aliut

300 3142 340 3194 ii.
362 3169 391 3182 -
412 3144 455 3193 14.
475 3144 541 3194 Attii
559 3145 603 3196 ii:
624 3144 696 3194 Astii
714 3157 774 3193 curn
793 3146 886 3194 ceteris
906 3143 975 3192 Edd.
997 3143 1025 3190 ii.
1055 3168 1084 3181 -·
1110 3144 1152 3194 15.
1173 3143 1277 3206 dedpmi
1294 3143 1332 3196 ii.
1352 3169 1384 3180 -
1404 3144 1447 3196 18·
1466 3144 1515 3198 Vr.
1535 3145 1634 3196 aliena·

301 3215 399 3264 tionem
415 3216 511 3265 mentia
527 3215 653 3265 aimoinus
670 3222 776 3265 auctore
795 3214 921 3265 Bahrdtio
941 3214 1049 3266 seclusit
1067 3213 1099 3262 it.

301 3424 402 3482 patrem
416 3418 537 3471 Ciceroni
557 3423 735 3482 compararit,
754 3422 796 3470 eni
816 3420 950 3482 rescripsit
987 3421 1045 3470 nina
1063 3421 1181 3471 nominat
1192 3421 1227 3481 s,
1241 3420 1284 3471 31.
1306 3424 1333 3470 et
1349 3421 1424 3483 ponit
1441 3419 1490 3470 sub
1514 3421 1632 3482 principe

301 3498 591 3562 imperatorclaudina.
610 3500 741 3550 Suetu.
762 3499 947 3561 Pitaiuslipp.
988 3497 1062 3549 Gaio.
1082 3500 1157 3549 ers.
1177 3499 1211 3550 ad
1230 3499 1263 3558 3,
1281 3500 1326 3550 75.
1345 3525 1379 3534 -
1406 3496 1534 3562 tomento]
1563 3499 1631 3549 Ptin.

299 3580 367 3640 ’1,4.
388 3579 543 3639 Geliiusi'l,
558 3580 584 3629 1.
621 3579 796 3643 Hieronymus
809 3581 837 3630 in
849 3578 947 3631 chron.
986 3579 1035 3638 ai,
1063 3580 1106 3630 10.
1138 3577 1315 3642 anapaestum
1351 3575 1450 3642 (plante
1477 3585 1633 3629 carcassense

301 3660 339 3724 (p.
356 3660 416 3710 tis
439 3655 569 3721 iioncaii.)
588 3659 685 3720 reteri,
703 3660 824 3708 trintum
844 3658 948 3710 Gallum
986 3657 1237 3722 auetoreBarnoui)
1255 3660 1305 3711 aiii
1322 3659 1631 3718 ctamueaeiumoocani,

300 3741 364 3791 diris
380 3741 515 3802 suppliciis
537 3746 678 3791 mactatum
697 3751 766 3790 anno
785 3744 846 3790 ante
858 3738 891 3787 T.
905 3739 949 3788 Li·
985 3738 1059 3790 cuiae
1079 3738 1152 3801 scitia
1177 3739 1243 3789 cibis
1264 3738 1435 3804 mollibusque
1449 3751 1500 3801 pro
1518 3743 1633 3790 ternanto

300 3823 334 3873 rii
353 3827 474 3872 martem.
499 3819 573 3870 Lina.
610 3819 727 3870 Stemma
744 3817 897 3869 Asintornrn
915 3818 948 3868 ad
986 3815 1161 3881 (lionircerls,
1195 3819 1369 3884 Poiaterunp,
1397 3819 1510 3879 bnans,
1543 3817 1634 3882 berra)

299 3900 328 3952 b.
347 3900 365 3950 i.
385 3899 459 3952 dedit
475 3900 598 3964 arcitus.
627 3924 657 3937 -
680 3911 736 3949 nan
757 3895 874 3962 minii]
893 3897 946 3948 lm·
984 3902 1104 3948 utuntur.
1126 3897 1199 3948 Suet.
1213 3897 1273 3948 Tib.
1287 3898 1340 3948 et:
1360 3897 1447 3947 Druso
1465 3903 1554 3948 uatem
1566 3899 1632 3950 adeo

300 3979 428 4045 pudorata
446 3983 515 4032 ineat
537 3981 631 4042 partim
653 3982 679 4029 in
694 3993 745 4039 eo,
766 3978 838 4042 quod
850 3981 947 4030 iustam
985 3978 1112 4028 alimento
1130 3977 1271 4036 subducta,
1294 3985 1325 4028 nt
1343 3981 1487 4028 tmuium
1504 3993 1517 4030 e
1534 3979 1632 4029 oukea

299 4060 462 4123 sepulturam
484 4059 577 4111 Asinio
595 4061 725 4111 concessit
743 4066 878 4123 nmquam
891 4069 948 4123 gra·
986 4057 1125 4108 removerit
1141 4059 1274 4109 moniam

299 4145 362 4192 tiara
380 4154 395 4192 a
413 4153 540 4206 generoso
558 4142 646 4190 aniano
665 4140 825 4202 protectans,
852 4141 947 4202 partlm
1020 4137 1063 4188 at.
1096 4135 1221 4202 inautus]
1250 4140 1277 4188 in
1297 4137 1389 4189 litteris
1408 4138 1440 4189 ad
1459 4142 1579 4190 senatum
1598 4136 1631 4189 da

299 4225 327 4272 iu
344 4222 387 4271 iiia
406 4233 480 4271 casus
503 4222 688 4279 inaurationer
720 4226 833 4282 utraque
858 4224 947 4270 autam
985 4218 1063 4267 Drusi
1092 4223 1175 4268 morte
1202 4219 1297 4270 missis.
1318 4243 1349 4254 -
1374 4217 1474 4280 probru
1501 4217 1630 4280 serperbi

299 4299 436 4352 manifesta
455 4306 512 4352 erat
529 4301 675 4358 simulatio,
696 4312 768 4362 qua,
794 4311 875 4362 quem
894 4311 947 4350 uon
986 4297 1196 4358 impudicitiam,
1236 4310 1314 4361 quarn
1344 4297 1484 4348 ascititiam
1512 4297 1631 4360 corpori

299 4381 398 4433 iamdiu
417 4380 608 4442 depudutsaet,
636 4379 768 4430 abstinere
786 4391 848 4430 sane
868 4378 949 4429 debe·
986 4383 1060 4429 vocat
1077 4378 1126 4436 11,
1147 4377 1173 4426 2.
1205 4401 1232 4413 -
1263 4377 1421 4428 exitiabilem
1439 4378 1468 4426 ira
1485 4375 1556 4440 snos]
1576 4376 1629 4429 Cir.

299 4462 351 4513 bat
372 4484 401 4498 -
420 4460 508 4510 medio
525 4455 656 4522 inmte]
674 4459 700 4508 id
719 4465 774 4518 est,
794 4464 849 4508 toto
868 4461 948 4508 trien·
985 4471 1044 4508 nior
1070 4458 1175 4522 sumata
1195 4455 1298 4507 Tiberio
1325 4464 1375 4508 cet.
1402 4464 1481 4521 atque
1506 4459 1632 4519 imprimis

299 4545 361 4602 nio,
381 4540 452 4603 quod
466 4554 481 4591 a
494 4544 613 4602 ternpore
632 4540 808 4590 accusationis
826 4538 859 4588 ad
878 4549 948 4586 mor·
986 4537 1017 4587 de
1036 4540 1116 4587 atroci
1136 4539 1193 4587 eius
1211 4539 1298 4586 aniano
1317 4539 1352 4597 t,
1372 4537 1416 4588 50.
1439 4561 1469 4574 ·-
1488 4533 1629 4599 masupia]

300 4629 352 4672 teau
379 4624 435 4672 aina
463 4623 643 4683 praeterierat.
672 4619 742 4670 Bar.
765 4642 797 4656 -
823 4624 863 4668 tot
886 4630 948 4668 ooo·
984 4617 1175 4680 ususinguiari
1196 4617 1449 4680 praeescriptione,
1469 4619 1633 4680 quasiaorn·

298 4699 446 4763 arslara'nna]
481 4701 547 4751 iiam
578 4699 670 4753 babuit
701 4699 795 4751 liberos
824 4697 946 4748 Asinium
985 4701 1145 4756 manierias,
1166 4695 1310 4762 Tapebacb.
1332 4721 1363 4733 ·-
1391 4699 1445 4747 nisa·
1462 4693 1544 4760 qnod]
1564 4697 1632 4759 Sup-

299 4780 472 4839 Selnninnnr,
509 4781 542 4831 de
572 4793 626 4842 qno
656 4779 691 4840 5,
727 4779 790 4838 75.;
825 4779 946 4829 asininus
986 4778 1027 4840 pia
1055 4778 1230 4840 cogitatione:
1269 4776 1314 4827 aid
1339 4777 1410 4840 qaod
1437 4777 1516 4827 fldem
1543 4783 1631 4828 mutae

299 4858 422 4920 Gallam,
453 4858 487 4910 ds
513 4874 567 4924 qno
595 4859 669 4910 Suet.
695 4857 871 4909 ci.ia.1iio
896 4857 946 4917 55,
984 4859 1114 4908 atrocitati
1128 4853 1506 4920 sacietate-serenasset]
1520 4857 1630 4918 exempli

298 4940 344 4994 &i
363 4939 484 4990 Asinium
502 4940 666 4999 Pollionem,
693 4943 738 5003 qui
757 4938 850 4989 consul
868 4950 893 4989 a.
916 4949 945 4986 a.
985 4950 1081 4992 cansa.
1103 4936 1188 4999 gladio
1207 4937 1233 4985 in
1252 4951 1312 4989 cum
1330 4941 1420 4988 stricto
1440 4950 1531 4988 necem
1554 4939 1631 4988 mini·

297 5017 586 5083 7¹16.,deauol’lin.
606 5017 659 5079 33,
681 5017 707 5068 8.
728 5019 856 5077 etFastia
888 5018 947 5068 Arl-
986 5025 1073 5075 iains;
1094 5017 1141 5066 etr.
1162 5029 1240 5068 mors
1265 5017 1333 5066 inter
1350 5029 1486 5067 sueorum
1503 5019 1579 5067 trina.
1599 5045 1632 5057 -

297 5101 374 5149 ninia
401 5099 561 5163 agrippam.
594 5100 627 5150 de
653 5111 705 5160 ano
732 5100 801 5148 Anu.
821 5097 854 5159 4,
881 5096 945 5156 at.;
984 5096 1169 5147 directionem
1186 5091 1290 5158 mentis]
1311 5097 1632 5158 qnampertoturndleru

298 5179 421 5232 mium
440 5179 578 5243 Celerem,
609 5190 689 5244 quern
715 5178 879 5231 consularem
893 5175 947 5232 i’ti·
983 5176 1138 5238 simulabat,
1171 5176 1353 5230 rainiariam
1371 5179 1451 5240 panai
1464 5189 1514 5240 per
1531 5176 1632 5229 amno
