3734 5917
678 491 797 556 imm
815 491 872 555 m.
917 490 990 576 usp.
1012 488 1044 555 a.
1068 486 1099 551 t.
1124 488 1156 551 s.
1508 488 1566 553 ιιι

230 648 333 715 aulum
352 649 484 735 Augusti
504 649 705 737 ιιιιςιιίιιοιιι,
726 649 854 716 unicum
874 650 1066 736 antiquitatis
1089 644 1248 733 specimen
1262 644 1473 733 appellarent,
1497 666 1569 713 ver·

231 764 320 849 sique
341 761 382 828 ad
403 762 525 829 eaelum
546 784 584 829 ac
605 766 682 829 deos
702 764 856 847 integram
876 762 923 828 illi
945 760 1088 828 subolem
1111 781 1148 826 ac
1172 758 1373 845 superstitem
1388 758 1569 845 iniquorum

230 883 446 957 precarentur.
469 874 508 961 (5)
531 873 619 943 luere
640 876 695 963 qui
720 875 840 963 publici
866 873 987 941 funeris
1013 894 1161 961 pompam
1189 872 1407 960 requirerent,
1443 893 1569 959 compa-

229 997 398 1076 rarentque
412 1010 494 1075 quae
506 991 539 1055 in
552 993 688 1057 Drusum
701 996 823 1076 patrem
841 988 1020 1056 Germanici
1042 986 1162 1053 bunora
1178 994 1211 1052 et
1223 984 1389 1069 magnifica
1410 987 1568 1071 Augustus

228 1100 365 1169 iecisset.
387 1104 491 1189 ipsum
512 1104 630 1189 quippe
652 1101 829 1187 asperrimo
850 1100 962 1184 biensis
984 1100 1127 1167 licinum
1148 1120 1249 1187 usqne
1270 1119 1490 1185 progressum,
1514 1120 1590 1179 neq
1611 1120 1623 1150 ν

228 1235 291 1303 que
320 1212 539 1284 abscedentem
566 1238 585 1283 a
612 1237 746 1303 corpure
772 1213 865 1281 simul
892 1216 1005 1279 urbem
1031 1213 1214 1292 intravism3
1253 1212 1456 1278 circumfusas
1485 1212 1567 1279 lectu

229 1326 433 1395 Claudiorum
445 1329 664 1416 Iuliorumque
678 1330 849 1413 imaginem
866 1329 1014 1394 duiletum
1030 1328 1062 1392 in
1077 1328 1167 1403 furo,
1183 1328 1343 1393 laudatum
1359 1330 1565 1412 psallentis,

228 1448 340 1507 cuneta
360 1464 379 1507 a
399 1443 571 1510 maioribus
591 1452 739 1530 reperta,
771 1451 826 1510 aut
848 1462 929 1528 quae
951 1442 1072 1528 posteri
1100 1442 1296 1517 invenerint,
1331 1438 1499 1505 cumulata.
1536 1449 1568 1505 ai

228 1556 413 1623 Germanico
433 1578 474 1622 ne
495 1556 606 1623 subtus
627 1557 755 1644 quidem
777 1563 809 1621 et
829 1556 1018 1642 cuicumque
1040 1552 1140 1620 nubili
1162 1552 1286 1619 debitus
1308 1554 1448 1620 honores
1468 1556 1567 1621 cunii-

226 1670 320 1752 pisse.
355 1690 431 1735 saue
459 1690 575 1754 corpus
605 1668 647 1737 ub
678 1671 938 1755 longinquitatem
967 1669 1115 1733 itinerum
1149 1669 1286 1733 externis
1315 1666 1406 1733 terris
1437 1687 1604 1755 quoquo„
1677 1728 1746 1754 Μ
1760 1731 1778 1761 ·.

226 1783 322 1847 modu
345 1791 533 1861 crematum:
569 1786 626 1849 sed
649 1790 734 1849 tantu
756 1785 847 1867 plura
868 1780 984 1847 decora
1006 1801 1081 1847 mox
1104 1780 1201 1845 tribui
1222 1801 1281 1867 par
1301 1778 1417 1857 fuisse,
1448 1788 1564 1867 quantu
1609 1759 1783 1811 “⁴¹''''‘³‘''”“‘

225 1896 328 1982 prima
346 1893 413 1961 lora
434 1896 621 1982 negavisset.
658 1916 725 1962 uon
745 1894 893 1972 fratrem,
928 1893 990 1960 nisi
1016 1896 1109 1960 unius
1132 1894 1195 1959 diei
1216 1892 1281 1970 via,
1314 1914 1379 1959 non
1400 1901 1565 1981 patruum,

295 2038 322 2090 8.
341 2048 528 2105 comparerent
543 2054 662 2106 quosqam
679 2040 719 2094 iii.
740 2041 858 2093 ilumeris
875 2040 1032 2093 Beroaldus.
1054 2062 1084 2079 -
1105 2038 1132 2090 7.
1150 2039 1331 2102 iuliurumqus
1348 2038 1393 2089 ii:
1420 2038 1567 2089 Liuianum·

225 2124 277 2180 que
294 2111 383 2173 lipsio
402 2124 432 2161 ae
450 2112 555 2163 liureio
573 2112 724 2164 auctoribus
744 2118 887 2175 praeeunte
908 2112 1030 2162 ltrnestto
1042 2111 1075 2161 Β.
1091 2133 1122 2147 -
1136 2109 1163 2161 8.
1179 2116 1260 2175 cutq;
1271 2111 1372 2171 posteri
1385 2108 1424 2159 ii.
1442 2133 1468 2144 -
1484 2108 1510 2160 8.
1523 2109 1563 2175 ut]

226 2188 275 2231 cut
293 2182 330 2231 ti.
362 2200 390 2219 -ι
420 2182 446 2233 a.
467 2182 620 2247 cuicumque
633 2184 677 2235 iis
701 2186 845 2245 cuicunque
862 2181 894 2230 Β.
914 2206 948 2216 -
972 2180 1131 2232 rediturii.
1150 2180 1300 2243 Utrumque
1318 2192 1434 2233 errorem
1453 2184 1566 2234 correrii

226 2251 379 2303 Beroaldus.
399 2278 429 2290 -
450 2254 492 2304 iu.
511 2256 642 2303 itinerum
659 2255 698 2304 ii.
719 2280 749 2291 -
768 2260 855 2304 terres
871 2252 910 2303 M·
930 2277 960 2288 -
984 2254 1026 2302 ii.
1046 2250 1157 2314 [rutrum
1175 2250 1220 2304 ii:
1240 2249 1338 2313 fratres
1351 2252 1442 2314 Llpslu
1455 2256 1564 2305 auctore

226 2323 362 2373 Brasatlus
381 2330 408 2375 et
426 2324 458 2372 li.
477 2324 508 2374 ln
528 2338 555 2376 re
574 2337 678 2386 prorsus
699 2327 800 2376 ineerta
817 2328 933 2385 praestat
950 2320 1056 2389 ἐποχή.

226 2445 285 2513 bus]
304 2450 360 2501 sine
379 2454 437 2514 tuga
456 2456 604 2512 praeieris.
625 2454 682 2503 sine
697 2452 798 2511 anuiis,
817 2450 874 2503 sine
912 2449 1055 2513 adoptione
1068 2449 1177 2513 quidem
1192 2452 1310 2503 uenerat.
1347 2446 1400 2500 Sed
1420 2449 1448 2499 ln
1467 2451 1567 2512 magui·

225 2530 278 2579 iatu
305 2530 388 2581 uteru
419 2530 494 2581 Lars.
538 2530 614 2584 sida
639 2532 768 2593 imprimis
796 2532 873 2582 etiarn
913 2532 968 2584 ficis
997 2530 1137 2581 lunaribus
1164 2525 1239 2594 (tune
1258 2523 1341 2593 certe)
1362 2530 1566 2583 cumulabantur

224 2613 282 2660 sine
300 2609 431 2669 iaseibus,
462 2611 586 2672 quoniam
607 2610 725 2672 loquitur
742 2612 775 2662 tie
794 2613 874 2674 mapi-
912 2612 1040 2675 imagines
1060 2609 1217 2660 iamiiiarum
1231 2610 1322 2673 aliquo
1335 2609 1470 2661 allinitstis
1483 2609 1566 2675 gradu

224 2688 406 2740 stratibus.·-
424 2690 582 2752 pestribus]
600 2691 873 2754 Nunaeeiptsmcum
912 2692 945 2742 ad
973 2689 1127 2741 deiunetum
1160 2689 1359 2752 pertinentium·
1412 2689 1456 2753 (Et
1490 2691 1565 2741 lisia

224 2769 347 2820 liraestio
372 2766 407 2818 tte
436 2769 533 2832 pupulo
556 2773 679 2824 uniuerso
705 2773 762 2823 aina
781 2770 873 2821 urdine
911 2775 969 2824 asia
989 2777 1052 2822 tunc
1069 2769 1138 2821 luiia
1155 2765 1296 2833 sumita.)
1332 2768 1376 2819 Sic
1394 2770 1461 2822 inira
1476 2770 1505 2821 C.
1519 2769 1564 2821 to.

224 2848 279 2899 uilo
306 2850 454 2911 permixto,
481 2849 548 2910 aad,
576 2858 606 2901 ut
631 2856 771 2914 requirunt
794 2850 873 2902 rerba
911 2855 938 2901 in
957 2851 1050 2903 laniae
1077 2848 1170 2899 iuuere
1195 2849 1286 2910 viginti
1307 2847 1508 2901 clarissimarum
1526 2848 1566 2899 ia·

225 2931 298 2989 ipsa.
330 2940 377 2990 per
402 2928 517 2992 singutas
540 2928 651 2982 XXXV.
672 2931 755 2981 tribus
780 2931 873 2981 urdine
911 2930 1042 2981 miliarum
1061 2929 1187 2992 imagines
1207 2928 1339 2979 antelatae
1357 2934 1428 2979 sunt.
1465 2929 1566 2981 insu-

225 3006 363 3070 diapusito.
393 3034 425 3047 -
454 3009 540 3058 sutum
564 3009 679 3073 iupusii
703 3006 871 3073 sanquinem]
911 3012 980 3075 gusti
1000 3010 1092 3061 iuuere
1111 3013 1179 3059 teate
1199 3008 1284 3061 Dione
1302 3008 1353 3069 56,
1374 3009 1427 3061 it:
1458 3010 1509 3063 stul
1533 3011 1568 3062 ai

227 3094 333 3149 neptam
352 3100 402 3137 aso
419 3087 544 3150 dignam:
564 3102 624 3140 narn
642 3090 744 3149 iuliae.
763 3091 872 3140 alterius
912 3090 969 3142 sris·
992 3084 1089 3143 ἄλλων
1118 3088 1268 3155 συγγενῶν
1294 3087 1351 3140 τῶν
1378 3086 1566 3157 τεθνηκότων

223 3170 311 3229 neptis
330 3169 500 3229 impudicae,
519 3168 553 3219 ab
565 3169 683 3233 Augusto
702 3169 768 3221 urbe
781 3169 873 3233 depui-
910 3166 998 3235 (πλὴν
1020 3172 1072 3235 τῆς
1096 3164 1151 3220 τοῦ
1169 3168 1340 3239 Καίσαρος,
1370 3164 1418 3233 ὅτι
1439 3166 1470 3234 ἐς
1494 3166 1566 3233 τοὺς

222 3258 268 3298 sae
297 3243 375 3311 (inira
393 3246 424 3299 C.
444 3244 500 3309 ut.)
526 3261 604 3299 nemu
631 3251 783 3302 meminisse
808 3258 873 3301 tune
910 3247 1009 3321 ἥρωας
1036 3243 1244 3321 ἐσεγέγρανιτο)
1272 3246 1306 3299 ui
1331 3263 1362 3301 ra
1386 3248 1445 3303 τῶν
1471 3244 1566 3305 ἄλλων
1658 3260 1661 3266 ’

223 3327 329 3381 amatu
351 3333 398 3378 ant
420 3331 533 3390 poterat.
553 3353 581 3365 -
607 3330 776 3393 antiquitatis
793 3331 873 3393 spaci-
906 3324 1074 3395 Ῥωμαίων,
1094 3326 1152 3379 τῶν
1173 3330 1224 3380 και
1241 3323 1308 3380 καθ’
1324 3322 1428 3383 ὁτιοῦν
1440 3344 1567 3401 πρωτευ-

222 3408 292 3469 Μ]
310 3414 418 3469 propter
434 3408 567 3458 inmittam
587 3414 651 3459 inne
668 3412 815 3461 castitatem
831 3424 874 3464 ee·
910 3406 1042 3470 σάντων,
1060 3401 1110 3459 ἀπ’
1127 3402 1222 3460 αὐτοῦ
1241 3408 1297 3461 τοῦ
1306 3403 1458 3476 Ῥωμύλου
1477 3406 1566 3480 upsi-

222 3494 347 3549 teraaque
366 3489 495 3546 virtutes,
515 3488 611 3551 quibus
631 3490 784 3542 excellebat.
816 3489 870 3540 cie.
909 3504 998 3554 μεναι
1023 3484 1188 3557 ἐφέροντο,
1205 3490 1256 3539 και
1271 3503 1316 3549 τις
1337 3488 1388 3538 και
1409 3486 1464 3539 τοῦ
1485 3486 1565 3552 Πομ·

222 3566 256 3617 rt.
275 3566 309 3615 D.
328 3564 361 3624 Β,
380 3565 432 3615 iis
463 3570 651 3629 temperantius
667 3570 874 3632 prudentiaeque
910 3565 1000 3633 ιηιου
1027 3565 1081 3617 τοῦ
1100 3565 1240 3633 Μεγάλου
1260 3562 1347 3616 ιικών
1371 3558 1471 3632 ὤφθη.
1507 3567 1564 3617 lam

221 3645 352 3707 ιριοιιιιιιι
365 3643 548 3706 Quamuis.
565 3672 594 3685 -
615 3648 780 3711 iniquorum]
798 3647 872 3707 nti.
910 3647 989 3696 Drusi
1019 3650 1102 3696 mater
1127 3658 1193 3697 urus
1218 3644 1351 3708 Augusti,
1382 3647 1438 3705 ipse
1462 3646 1563 3701 Drusus

221 3724 272 3775 iiia
292 3726 504 3789 pruotsiuiquis.
542 3726 656 3786 imi:
673 3730 777 3793 iniquus
791 3730 873 3778 Tiro·
910 3729 1019 3777 maritus
1038 3725 1170 3775 Antoniae
1189 3722 1317 3787 Octavia,
1338 3736 1428 3776 aurora
1443 3724 1563 3790 Augusti,

221 3817 290 3855 saue.
322 3804 386 3856 Sine
416 3816 494 3855 eausa
520 3806 661 3858 Rhenanus
690 3810 873 3871 suspicabatur
910 3812 1008 3866 natas,
1040 3808 1089 3855 etsi
1115 3816 1168 3855 nun
1193 3806 1294 3868 urigine
1319 3805 1410 3868 gentili
1434 3812 1481 3856 aut
1499 3808 1584 3877 adu-¹

220 3886 397 3941 ιιιινιιννννιιι,
417 3892 448 3935 ut
465 3885 509 3936 aiii
528 3886 660 3937 intertium
679 3888 750 3947 apud
767 3889 873 3939 Cicero·
911 3891 1020 3947 pitens,
1050 3883 1179 3935 alinitats
1206 3890 1295 3935 tamen
1320 3890 1348 3936 et
1365 3884 1455 3939 Lisiae
1474 3888 1564 3939 mairi-

221 3977 301 4023 neus,
327 3964 372 4014 ubi
390 3967 417 4015 in
435 3965 541 4029 iniquos
559 3978 621 4015 suos
637 3967 779 4019 invenitur.
817 3968 870 4019 Cir.
910 3968 999 4016 monio
1019 3966 1152 4026 particeps
1171 3962 1268 4015 domus
1287 3965 1484 4027 imperatoriae.
1512 3967 1564 4017 iic-

222 4043 254 4095 ail
273 4044 346 4095 Fam.
366 4046 409 4103 it.
427 4045 472 4095 ii.
492 4057 538 4105 pru
557 4044 627 4096 Sulla
648 4047 690 4098 tu.
711 4055 737 4098 et
756 4047 800 4098 aa.
910 4046 1000 4103 cedit,
1027 4042 1100 4108 quod
1120 4044 1262 4105 imaginum
1282 4045 1385 4095 iliarum
1405 4047 1564 4107 pompante

255 4124 283 4174 b.
299 4120 435 4187 amum]
463 4125 685 4186 nsaniieanttam
703 4128 768 4178 alias
785 4129 813 4178 in
832 4126 872 4179 iu·
910 4123 1023 4175 retertur
1040 4124 1111 4175 inter
1130 4123 1229 4173 bonum
1254 4128 1281 4175 et
1308 4125 1465 4188 magnilica,
1493 4139 1563 4188 quae

221 4202 330 4255 neribus
349 4202 460 4264 publicis
477 4204 598 4255 adalbert
616 4205 730 4256 suiitam.
767 4208 824 4259 Lis.
843 4209 870 4267 2,
909 4206 1042 4267 Augustus
1060 4204 1087 4252 in
1106 4201 1222 4253 Drusum
1241 4202 1344 4256 iecerit.
1380 4204 1489 4256 Talibus
1507 4206 1563 4258 iere

221 4282 274 4332 et:
292 4289 416 4343 meum,
433 4282 873 4347 eeusutcrsaiesees,prustactuas
909 4284 1070 4347 argumentis
1098 4281 1250 4334 Waitlierus
1279 4282 1374 4335 reisiiit
1395 4285 1479 4349 lipsii
1501 4297 1563 4337 eun-

222 4362 386 4427 euruisssrqus
410 4362 501 4413 adium
523 4363 591 4413 nibil
609 4364 685 4415 uliud
702 4379 781 4428 quem
796 4379 871 4428 pusn-
910 4366 1036 4415 iecturam
1055 4360 1100 4425 (ab
1121 4362 1243 4414 lirnestiu
1263 4370 1412 4426 receptam,
1433 4372 1562 4419 retentam

218 4453 284 4502 pesa
308 4442 408 4505 [uuam
433 4447 536 4505 putarat.
565 4466 593 4477 -
627 4442 756 4508 Ticinum]
784 4446 871 4496 media
908 4440 1073 4507 aDeikere)
1093 4442 1238 4493 Liuiorum.
1277 4443 1311 4495 lit
1332 4444 1420 4495 lulius
1437 4447 1562 4509 imagines

221 4527 308 4573 astate
327 4520 429 4583 Pupia,
457 4521 536 4571 bodie
555 4522 650 4574 Punic.
687 4524 775 4575 Valer.
797 4527 869 4577 liar.
909 4537 957 4586 per
974 4524 1154 4587 gradationem
1168 4530 1363 4585 postponuntur
1376 4524 1511 4584 Claudiis,
1532 4532 1563 4578 ut

220 4600 344 4659 5‚⁵‚a=
366 4601 481 4651 Tauium
497 4613 614 4651 αιιιοννιιι
629 4604 871 4667 patuemapnrsua·
907 4604 943 4663 Β,
963 4602 998 4653 Βι
1030 4603 1158 4654 Claudius
1182 4608 1207 4655 at
1230 4602 1314 4654 lulius
1340 4603 1440 4653 morus.
1468 4606 1560 4659 Donn.

221 4685 367 4741 ςικιιοιιιι·
385 4677 530 4742 (Tiberius)
547 4682 658 4731 insitum
674 4685 871 4749 unimufretris
908 4683 984 4735 suda
1012 4682 1262 4744 vai.i1as.5,5,
1282 4680 1317 4733 ³:
1345 4681 1496 4745 fraternum
1521 4688 1562 4739 s'u·

219 4758 305 4809 Drusi
321 4758 432 4815 inbuit,
451 4764 501 4819 ut,
518 4773 577 4811 mm
597 4760 696 4816 Ticini,
715 4777 766 4827 que
783 4765 870 4814 utetur
908 4778 971 4827 pum
998 4762 1125 4815 cucuma
1148 4762 1243 4825 prius.
1274 4776 1345 4813 nunc
1374 4766 1453 4815 stium
1478 4768 1562 4819 lulius

219 4838 331 4889 testimo
347 4836 386 4887 uti
403 4838 870 4904 emuusuuasporanurumarau
908 4845 1004 4907 pansis.
1041 4843 1101 4905 ipse
1129 4843 1171 4893 irie
1194 4842 1260 4892 urdo
1285 4850 1471 4906 praeposterus
1488 4846 1561 4897 ride·

220 4919 298 4979 praei
314 4916 388 4967 idum
406 4924 430 4968 et
439 4919 592 4979 perieulum
603 4922 754 4972 contudisse
764 4925 794 4972 iss
806 4922 870 4974 Gar·
907 4926 985 4973 batur
996 4923 1105 4986 Lipsius
1131 4928 1158 4972 at
1172 4929 1339 4982 paternorum
1354 4926 1482 4977 maturum
1496 4930 1561 4980 ima-

218 4997 312 5047 suauiu
339 4996 472 5062 {tactuum
488 5005 640 5064 reponeret,
667 5002 791 5062 protinus
807 5002 870 5053 iuda
906 5005 979 5068 pines
1007 5004 1178 5065 praecessisse
1207 5007 1413 5054 consentaneum
1446 5012 1495 5057 eat.
1528 5032 1557 5045 -

217 5082 288 5127 assiu
304 5078 434 5125 assumtus
452 5084 607 5138 erumperet.
626 5104 659 5114 -
680 5079 866 5146 Iuliorumque]
906 5080 1028 5145 fratruo]
1048 5083 1088 5131 lta
1105 5083 1127 5131 si
1139 5082 1246 5144 scripsit
1259 5080 1386 5143 Tacitus,
1407 5086 1433 5135 in
1447 5087 1558 5139 eandem

220 5155 388 5221 Quanquam
405 5156 508 5207 Drusus
526 5158 554 5208 in
572 5157 665 5213 iniiam
683 5158 808 5213 inmittam
834 5174 868 5215 ne
905 5161 1009 5216 Claudii
1022 5161 1179 5215 obiisiunsm
1190 5161 1283 5215 ineiiit
1295 5161 1420 5227 pupulas,
1438 5167 1465 5218 in
1478 5179 1559 5230 quam
