3734 5917
313 480 376 545 2⁰8
692 482 881 549 CORNELII
906 484 1040 549 Tacts}
1061 486 1268 553 ANNALIUM

96 665 113 695 ι
310 645 417 716 natus,
440 645 474 704 et
494 638 605 723 Capito
625 640 750 719 Ateius,
773 644 813 707 de
835 661 899 729 quo
921 641 1110 719 memoravi,
1139 643 1314 733 principem
1335 647 1370 712 in
1399 646 1522 715 civitate
1543 646 1649 714 locum

137 742 159 823 J'
210 788 243 826 ,2
310 747 420 817 studiis
442 750 584 820 civilibus
605 752 787 831 adsecutus,
816 757 871 821 scd
898 775 959 822 aro
981 756 1191 866 centuriones
1206 759 1444 867 Sullanopalre
1472 759 1644 845 praetorio.

310 864 506 930 consulatum
541 865 571 931 ei
601 864 835 934 adceleraverat
863 872 1038 955 Augustus,
1069 880 1104 936 ut
1131 872 1310 939 Labeonem
1343 863 1515 940 'laustinus
1546 872 1646 939 isdem

310 977 430 1044 artibus
451 978 692 1065 praecellentem
721 980 901 1067 dignatione
929 982 999 1049 eius
1026 986 1224 1071 magistratus
1253 989 1394 1053 anteiret.
1437 1008 1572 1073 namquo
1593 986 1647 1052 ills

287 1099 395 1156 saetas
416 1093 481 1157 duo
501 1091 589 1175 pacis
610 1090 726 1159 decora
748 1093 839 1159 simul
866 1094 948 1161 tulit.
990 1100 1045 1161 sed
1075 1100 1181 1163 Labeo
1212 1100 1394 1186 incorrupta
1423 1099 1585 1175 libertate,
1614 1108 1647 1165 et

310 1202 351 1270 ob
372 1206 404 1269 id
427 1202 508 1269 lama
531 1203 739 1271 celebratior:
764 1208 924 1293 Capitonis
946 1208 1135 1296 obsequium
1157 1209 1388 1279 dominantibus
1411 1213 1509 1297 magis
1530 1216 1646 1305 proba-

308 1320 411 1383 batur.
455 1317 518 1396 illi,
541 1318 626 1405 quod
647 1327 826 1407 praeturam
847 1320 929 1386 intra
951 1321 1054 1399 stetit,
1087 1328 1316 1392 commendatio
1348 1347 1387 1391 ex
1409 1326 1538 1402 iniuria,
1561 1328 1643 1401 hnic,

308 1433 393 1518 quod
415 1433 610 1497 consulatum
627 1432 759 1517 adeptus
773 1440 837 1510 est,
860 1433 966 1500 odium
981 1456 1021 1501 ex
1034 1434 1152 1501 invidia
1167 1435 1336 1505 oriebatur.
1359 1436 1420 1523 (76)
1435 1447 1466 1504 el
1487 1440 1575 1505 lunia
1596 1459 1646 1505 se·

307 1545 473 1631 nogesimo
495 1554 605 1633 quarto
626 1554 699 1633 post
718 1546 951 1631 Philippensem
973 1550 1073 1613 aciem
1094 1570 1176 1616 anno
1199 1572 1380 1637 supremum
1395 1551 1479 1617 diem
1494 1552 1641 1637 explerit,

268 1662 424 1725 ascalone
446 1660 600 1725 avunculo
623 1658 746 1744 genita,
777 1662 811 1725 C.
843 1661 940 1727 Cassii
968 1682 1069 1739 uxor,
1099 1666 1139 1732 Μ.
1160 1666 1248 1729 Bruti
1278 1685 1378 1735 soror.
1422 1671 1642 1731 testamentum

307 1775 375 1837 eius
397 1775 501 1841 mulso
518 1776 602 1861 apud
621 1773 750 1859 volgum
772 1794 900 1840 rumore
921 1773 998 1851 fuit,
1022 1774 1096 1860 quia
1118 1778 1151 1841 in
1173 1779 1294 1862 magnis
1316 1775 1438 1865 opibus,
1461 1798 1531 1843 cum
1544 1775 1643 1843 lerme

306 1894 436 1952 cunctos
457 1905 606 1972 proceres
628 1906 698 1953 cum
719 1890 842 1954 honore
864 1889 1105 1967 nominavisset,
1139 1893 1304 1957 Caesarem
1332 1892 1448 1957 omisit.
1494 1887 1580 1977 quod
1601 1886 1644 1956 ci·

306 1996 411 2065 uiliter
431 2006 610 2086 acceptum,
634 2011 737 2086 neque
758 2001 920 2088 probibuit
941 2021 1005 2088 quo
1026 2002 1130 2069 minus
1150 2002 1331 2069 laudatione
1350 2023 1410 2090 pro
1424 2006 1545 2070 Rostris
1561 2012 1644 2069 cele-

266 2172 273 2185 ,
305 2111 412 2199 risque
434 2111 637 2179 sollemnibus
657 2112 749 2180 funus
771 2118 1039 2181 cohonestaretur.
1072 2116 1180 2202 viginti
1195 2116 1438 2184 clarissimarum
1453 2115 1642 2183 familiarum

374 2344 402 2394 Β.
421 2344 480 2395 ads.
500 2344 528 2397 Μ
535 2357 544 2394 s
562 2356 616 2395 ass.
635 2343 667 2393 Β.
687 2368 721 2381 -··
745 2344 887 2406 praetoria
902 2358 1035 2409 superscr.
1056 2358 1071 2396 o
1090 2346 1129 2396 Μ.
1149 2370 1181 2384 -
1200 2344 1226 2397 ³.
1246 2346 1305 2399 ado.
1325 2346 1370 2399 bl:
1390 2360 1447 2397 occ.
1467 2346 1499 2397 Β.
1521 2367 1551 2379 -
1567 2345 1643 2395 istaes

305 2412 343 2467 Μ.
358 2439 392 2450 -
409 2413 437 2465 ι.
456 2415 660 2479 mapissrstibus
671 2413 707 2466 Μ.
721 2414 838 2466 Corseslt
858 2414 1012 2468 Beroaldus.
1024 2440 1054 2453 -
1074 2416 1100 2470 7.
1118 2424 1258 2479 prelorum
1270 2418 1308 2468 Μ.
1324 2443 1352 2454 -
1373 2416 1399 2471 ii.
1415 2417 1586 2481 pbiltpcneenr
1603 2416 1640 2467 Μ.

306 2509 338 2523 -
357 2487 400 2536 lt).
422 2483 511 2537 c.s1=
532 2485 583 2535 Gai
600 2487 631 2535 Β.
652 2510 681 2522 -
703 2485 743 2536 Μ.
761 2486 805 2537 lla
824 2484 914 2536 Marci
930 2486 961 2535 Β.
983 2510 1013 2522 -
1034 2488 1076 2537 ll.
1097 2487 1220 2549 operibus
1237 2488 1280 2546 lli,
1302 2488 1388 2551 equid
1404 2491 1424 2537 sl
1439 2486 1568 2550 opibusir
1589 2498 1639 2549 urg.

304 2556 342 2608 Μ.
362 2555 475 2608 Videtur
498 2559 581 2617 lpalus
599 2554 720 2606 Beroaldl
741 2557 885 2617 eorrectlo,
914 2560 1034 2619 quamvls
1054 2560 1079 2607 tn
1099 2559 1157 2610 elus
1177 2558 1227 2608 lid.
1248 2560 1365 2609 nondum
1385 2564 1500 2622 recepta.
1536 2556 1641 2609 Primus

306 2628 399 2691 opibus
417 2626 501 2678 edldlt
518 2625 670 2678 Rhenanus.
693 2647 721 2663 ·-
742 2625 786 2677 li.
806 2625 971 2678 sollemnibus
989 2628 1032 2678 bl:
1052 2628 1212 2678 sollennibus
1230 2628 1261 2678 Β.

304 2845 334 2893 ιιι
369 2840 487 2903 aliquam
520 2839 631 2893 duceret
659 2854 690 2891 er
720 2838 808 2889 liberis
843 2836 952 2888 Germa·
990 2838 1120 2889 Antistius
1138 2840 1228 2890 consul
1245 2841 1297 2905 {uit
1315 2840 1419 2901 iubeor
1446 2840 1553 2899 noluit,
1582 2852 1641 2891 cuns

303 2923 366 2973 nlcl.
393 2923 469 2973 Lrss.
490 2945 520 2958 -
539 2915 700 2983 memoravi]
728 2920 757 2979 1,
776 2916 821 2970 76.
843 2921 870 2969 el
887 2916 951 2973 tlt..
992 2916 1130 2981 offerretur
1146 2922 1170 2970 ei
1194 2920 1228 2970 ub
1251 2921 1372 2985 dupusto
1389 2921 1557 2980 consuatur,
1588 2932 1639 2983 guo

303 3005 367 3053 item
384 3001 419 3062 3,
438 3004 483 3053 70.
502 3026 536 3037 -
561 3000 657 3051 studiis
676 2996 809 3062 cladibus]
831 3000 897 3048 lurls
915 2998 953 3048 cl·
990 2997 1111 3062 suffectus
1136 3000 1227 3065 peret,
1258 3002 1382 3053 bonorem
1408 3000 1512 3066 (utique
1531 2996 1638 3065 uanum)

302 3084 379 3141 sllte3
399 3088 571 3145 opponuntur
589 3082 768 3142 expertenllse
787 3079 903 3130 sntlttsrt.
919 3100 951 3113 -
990 3080 1137 3141 suscipere,
1173 3080 1217 3130 sed
1243 3080 1386 3143 plurimun
1412 3082 1506 3131 studiis
1532 3092 1638 3145 operam

303 3158 463 3225 centurione]
477 3163 532 3213 rlro
545 3164 624 3224 igitur
637 3164 757 3211 tenuiore
770 3159 827 3211 loeo
841 3167 908 3209 orto.
918 3181 948 3194 -
990 3157 1071 3209 dedit.
1088 3181 1099 3193 ·
1117 3184 1128 3195 ·
1150 3158 1266 3222 Reliquit
1283 3161 1476 3225 quadringenta
1492 3160 1637 3221 oduuino,

302 3237 477 3304 coenulam]
496 3239 830 3292 Cousulsullcctusiutla.
844 3238 952 3290 7511-
990 3250 1022 3287 ee
1040 3236 1133 3302 quibus
1147 3238 1267 3300 plurima
1284 3241 1354 3291 inter
1371 3253 1466 3290 monus
1486 3245 1636 3291 uersentur.

301 3322 449 3373 Labeonem
460 3318 613 3383 Antistium]
636 3320 868 3371 celebrallsslmum
887 3322 950 3369 item
988 3316 1057 3367 Plln.
1084 3316 1136 3379 ³5,
1158 3319 1192 3367 dr
1224 3320 1318 3369 aaron
1343 3318 1510 3385 ploriabatus
1537 3319 1639 3370 tabellis

301 3402 520 3455 luscconsullunr.
552 3422 580 3435 -
623 3402 778 3460 incorrupta
812 3393 949 3460 ιιιιιιαιι]
989 3398 1134 3448 restinctus
1149 3412 1233 3461 nuper
1250 3400 1279 3449 in
1296 3399 1380 3463 lonpa
1394 3399 1638 3451 smeetadntisllus

300 3482 406 3535 Patrem
431 3480 594 3540 aemulatus,
624 3481 707 3530 rtrum
731 3477 894 3540 praeclarum
923 3484 952 3529 el
988 3477 1073 3529 Labeo
1082 3480 1251 3541 praetorius,
1272 3481 1352 3529 etiarn
1366 3480 1558 3542 proconsulatu
1574 3492 1638 3543 pro·

301 3563 476 3626 prudentem,
495 3564 541 3626 qul
558 3558 626 3611 bello
638 3557 800 3619 Plrlltppeusl
813 3571 860 3620 pro
873 3557 950 3610 llber-
987 3559 1088 3609 cineae
1105 3557 1281 3609 Narbonensis
1298 3560 1421 3624 functus:
1439 3561 1484 3611 sed
1501 3572 1532 3611 sc
1548 3572 1591 3610 res
1607 3562 1637 3610 in

300 3648 354 3693 late
373 3641 475 3695 iortller
494 3640 627 3693 occubull.
664 3635 948 3701 applauserunt,
987 3639 1045 3688 sisu
1063 3642 1087 3687 et
1104 3639 1262 3689 comumelia
1279 3646 1349 3690 nat.

300 3722 362 3774 185.
400 3722 555 3784 Exemplum
569 3720 695 3772 libertatis
708 3718 769 3769 etde
786 3717 858 3782 apae
871 3718 949 3770 Suet.
1021 3718 1067 3769 76.
1098 3720 1260 3783 seeopcsinso
1287 3715 1400 3783 euerso]
1431 3718 1509 3771 liure
1537 3732 1636 3770 anuum

300 3804 359 3854 oet.
378 3802 431 3854 bis
453 3801 585 3852 Amulius
601 3799 689 3851 Labeo
707 3805 814 3849 senatus
831 3798 948 3860 ιιοιιοιιι,
988 3797 1048 3851 ideo
1074 3800 1239 3861 potissimum
1265 3808 1407 3860 memoret.
1442 3803 1505 3862 qula
1530 3800 1636 3851 Cassius

299 3896 357 3933 cuns
373 3884 417 3933 eir
432 3883 521 3933 eirsnu
537 3881 648 3945 teperet.
673 3878 712 3929 Μ.
732 3876 876 3940 Lepidum.
904 3878 950 3927 bo·
988 3878 1123 3930 etllrutus
1143 3875 1346 3941 lnl’lrlllppensl
1366 3891 1450 3943 pugna
1465 3880 1633 3939 ceciderant:

298 3967 363 4013 atses
379 3962 442 4012 olim
458 3963 514 4012 elus
530 3954 689 4025 (Octaviani)
707 3964 810 4009 altune
822 3956 950 4007 maulam
988 3957 1156 4010 memorabile
1182 3970 1246 4010 asne
1270 3961 1294 4010 el
1319 3958 1456 4011 ridebatur
1474 3959 1577 4011 lunlem
1596 3964 1636 4011 lot

299 4041 452 4105 lesn,leps's;
470 4037 949 4106 interropclmpuecbso.anessent
986 4049 1068 4088 annos
1101 4040 1208 4101 ulrtque
1236 4039 1403 4099 superslllesn
1431 4042 1566 4091 mansisse.
1597 4062 1635 4078 ·-

297 4123 346 4173 alii
363 4122 511 4188 disputares,
528 4134 604 4171 suum
620 4132 745 4185 quemque
761 4118 889 4169 iudicium
902 4119 948 4169 ba·
987 4113 1096 4180 Catone]
1113 4118 1145 4167 ll.
1159 4119 1252 4170 lunius
1270 4119 1391 4179 Silanus,
1410 4122 1455 4184 qul
1468 4120 1560 4170 consul
1573 4132 1633 4171 cunr

297 4204 356 4256 bere
372 4203 518 4265 respondit.
547 4200 600 4251 Cis.
620 4202 748 4264 imprimis
766 4199 818 4249 Illo
835 4198 887 4259 54,
902 4199 945 4249 15.
985 4200 1015 4249 1..
1030 4198 1133 4250 Licinio
1150 4199 1262 4251 Murena
1282 4212 1305 4250 s.
1320 4198 1399 4259 692„
1418 4212 1525 4251 usorern
1540 4199 1633 4252 babuit

297 4290 377 4348 atque
404 4284 476 4336 locus
494 4296 525 4334 es
543 4282 625 4343 lpstus
643 4281 712 4331 Atell
732 4279 869 4340 Capitonis
892 4280 947 4341 epl-
986 4280 1122 4332 Serrlllarn
1149 4293 1265 4332 sororem
1291 4280 1329 4331 Μ.
1360 4277 1465 4331 Catonls
1496 4276 1633 4345 (lamosesn

297 4365 362 4416 slola
400 4364 433 4414 de
466 4361 589 4413 Labeone
617 4358 688 4421 apud
716 4356 783 4409 Geli.
809 4356 863 4418 13,
891 4359 944 4408 12:
985 4361 1116 4411 continuis
1136 4358 1196 4410 lultl
1216 4357 1333 4411 Caesaris
1352 4356 1506 4423 amoribus).
1544 4361 1581 4412 lis
1599 4362 1632 4411 lts

295 4444 423 4511 Agitabat
439 4443 567 4491 bominem
584 4439 694 4491 libertas
712 4440 845 4503 quaedam
861 4442 946 4492 ιιιιιιια
985 4450 1044 4490 nata
1064 4441 1242 4501 bucelania,
1272 4452 1346 4490 soror
1362 4439 1401 4490 Μ.
1421 4440 1494 4492 Bruti
1514 4453 1561 4503 pes
1578 4454 1632 4493 ma·

295 4533 376 4589 slpue
392 4536 497 4581 uecors,
516 4533 597 4587 usque
614 4532 643 4569 eo
661 4524 691 4569 ut
708 4520 946 4583 praecantans
984 4526 1049 4572 trem
1068 4518 1138 4585 (uarn
1155 4521 1230 4570 Bruti
1249 4526 1324 4581 paler
1340 4518 1390 4569 lull
1406 4519 1445 4571 Μ.
1459 4521 1553 4573 lunius
1565 4522 1632 4573 llru·

293 4606 415 4669 principe
439 4609 464 4654 el
487 4616 542 4652 rena
556 4600 691 4664 publicana
707 4599 839 4650 obtinente
854 4608 945 4651 salum
984 4598 1054 4659 lus),
1074 4600 1163 4651 Tertia
1182 4600 1222 4651 uel
1242 4598 1357 4651 Tertulla
1377 4609 1569 4664 cognomento,
1596 4601 1630 4654 de

295 4690 383 4737 samse
397 4694 555 4748 pensumque
571 4681 638 4731 nibil
655 4680 777 4739 Ιιιιιιιιιι,
803 4680 855 4729 nisi
871 4681 940 4743 quod
983 4694 1034 4745 qua
1053 4688 1130 4732 notus
1144 4680 1278 4731 Ciceronis
1295 4683 1367 4731 locus
1380 4682 1451 4742 apud
1464 4682 1538 4735 Suet.
1552 4684 1628 4735 Cses.

294 4767 576 4825 iustuaasnncturnpce
593 4758 759 4810 insonante
775 4760 943 4822 emlpuisati-
982 4762 1030 4812 5⁰=
1051 4760 1143 4809 Tertio
1160 4759 1272 4809 &ducta
1289 4764 1335 4811 est.
1372 4760 1480 4813 lilrerss
1499 4766 1578 4827 igitur
1595 4762 1629 4815 sb

294 4846 342 4897 bus
359 4845 460 4910 laetans
478 4850 529 4893 cet.
567 4839 942 4893 Adeundenrsdoleseentern
982 4840 1030 4892 bec
1054 4840 1151 4899 lunia,
1180 4838 1213 4890 dc
1239 4852 1289 4903 qua
1311 4839 1426 4892 Velleius
1450 4840 1484 4904 Β,
1503 4842 1557 4894 88:
1587 4842 1627 4895 Μ.

295 4924 387 4977 reterri
407 4924 512 4974 ridetur
528 4922 630 4973 llorslll
648 4924 721 4971 locus
738 4919 771 4971 de
790 4918 896 4971 domino
915 4922 941 4969 ln
981 4923 1093 4984 Lepidus
1115 4945 1126 4958 ·
1151 4946 1179 4984 -‚
1224 4919 1316 4983 Lepidi
1349 4924 1422 4981 eius,
1465 4925 1510 4986 pur·
1543 4923 1629 4975 ilicis

295 5017 383 5057 serres
401 5006 479 5053 nlmla
497 5016 576 5055 eaero
594 5002 650 5052 Sat.
669 5001 701 5061 1,
720 4999 751 5058 3,
771 5000 822 5049 ΒΒι
848 5000 942 5049 Labeo
980 5001 1069 5064 fuerat
1086 5000 1120 5051 ll.
1140 5002 1188 5056 0.,
1207 5000 1292 5066 lilius,
1317 5002 1412 5066 lunia,
1432 5002 1510 5053 Bruti
1526 5016 1627 5063 sorore,

228 5078 235 5091 '
293 5084 464 5136 neinsanlor
481 5084 550 5133 inter
567 5081 786 5136 sanosdicatur5
817 5086 843 5131 et
864 5080 943 5131 Pour-
980 5088 1069 5131 natue.
1107 5081 1173 5131 llam
1192 5081 1257 5133 baec
1284 5096 1348 5133 uros
1365 5082 1458 5143 Lepidi
1484 5082 1545 5145 lull,
1574 5086 1626 5136 nlsl

294 5168 391 5232 pontus
418 5164 452 5215 de
470 5164 544 5227 Orlg.
569 5164 634 5213 turta
652 5163 680 5213 ln
698 5160 759 5225 litg.
779 5161 812 5223 1,
830 5160 866 5223 Β,
885 5162 940 5213 b'la
979 5165 1001 5213 sl
1022 5168 1082 5214 ente
1108 5161 1213 5220 Cessit.
1241 5162 1311 5227 quad
1334 5175 1388 5215 non
1416 5166 1519 5228 opinor.
1547 5165 1624 5218 Lrss.
