3734 5917
257 456 267 489 t

634 488 754 553 unna
772 486 858 555 νιν.
901 486 977 573 cap.
1001 487 1054 553 ra.
1077 488 1129 553 sa.
1489 488 1552 555 esu
1624 455 1634 463 ’

224 646 308 733 bant)
328 646 534 735 propulisset,
558 649 632 712 duur
644 644 782 715 refertur
794 646 920 713 nundus
934 646 1071 724 Neroni,
1094 648 1169 713 dum
1189 665 1300 712 manus
1320 647 1382 712 aiis
1400 653 1551 733 permeat,

224 761 319 827 multa
342 768 486 827 secutura
507 781 588 845 quae
608 762 747 846 adusque
773 759 891 825 bellum
914 762 1138 826 evalescereat.
1175 759 1311 846 denique
1340 765 1394 825 aut
1421 758 1553 825 salutern

223 876 278 939 tali
292 874 421 941 coneilio
440 875 566 959 quaeri,
587 882 642 939 aut
658 874 738 941 nihil
755 875 881 957 pravium
899 873 1028 939 audenti
1042 894 1134 961 quam
1148 875 1262 958 ignaro
1276 874 1459 960 patiendum
1472 892 1552 939 ease.

222 985 286 1073 (bii)
306 988 362 1054 aad
382 989 524 1055 Plautum
546 1006 583 1053 ea
603 1005 666 1052 nou
691 1006 837 1064 morere,
868 988 936 1053 aire
955 985 1073 1053 nullam
1098 1007 1191 1074 opem
1215 988 1401 1074 providebat
1422 986 1552 1053 inermis

224 1108 316 1186 atque
338 1099 445 1177 exsul,
468 1120 524 1167 seu
546 1100 651 1166 taedio
671 1100 836 1185 ambiguae
858 1100 942 1183 spei,
962 1120 1003 1166 aa
1024 1120 1131 1165 amore
1152 1100 1293 1187 coniugia
1314 1109 1347 1167 ei
1367 1100 1574 1178 liberorum,a

223 1216 336 1301 quibus
352 1211 588 1301 placabiliorem
609 1213 680 1279 fora
701 1212 873 1298 principem
896 1210 1024 1279 rebatur
1044 1213 1129 1279 nulla
1151 1212 1360 1280 sollicitudine
1380 1216 1550 1279 turbatum.

223 1334 295 1393 suut
315 1328 369 1413 qui
382 1326 460 1393 alios
473 1347 492 1392 a
507 1345 616 1391 socero
637 1324 766 1393 nuutios
784 1327 907 1392 uenisse
921 1324 1044 1402 ierant,
1067 1334 1224 1412 nmquam
1237 1326 1316 1393 nihil
1336 1333 1429 1392 atrox
1449 1325 1552 1393 immi-

223 1447 327 1520 neret3
357 1442 565 1526 doctoresque
579 1438 767 1525 sapientiae,
791 1439 965 1506 Coeranum
989 1441 1120 1517 Graeci,
1142 1438 1322 1506 Musonium
1342 1441 1435 1505 Tusci
1457 1459 1552 1525 gene·

222 1556 282 1631 ris,
315 1559 518 1623 constantiam
540 1559 751 1645 opperiendae
771 1554 880 1623 mortis
902 1575 963 1641 pro
984 1558 1105 1624 ineerta
1126 1564 1159 1623 et
1180 1555 1301 1642 trepida
1322 1556 1386 1624 rita
1406 1553 1551 1621 suasim.

222 1678 365 1756 repertus
387 1677 437 1735 osi
455 1677 541 1737 certe
560 1688 618 1758 per
638 1667 777 1736 medium
792 1668 856 1737 diei
869 1668 971 1737 andus
986 1670 1191 1737 exercitando
1206 1672 1344 1758 corpori.
1367 1671 1462 1735 talem
1478 1686 1586 1733 erraris

223 1782 365 1850 centurio
387 1782 569 1860 trucidarit,
602 1802 708 1851 coram
728 1782 884 1869 Pelagone
905 1787 1062 1869 spadone,
1095 1803 1191 1870 quem
1213 1788 1298 1849 Nero
1323 1778 1500 1849 cerbarioui
1520 1787 1552 1847 et

222 1897 399 1982 manipulo,
421 1897 510 1983 quasi
528 1895 712 1963 satellitibus
731 1896 908 1965 ministrum
928 1898 1065 1983 regium
1087 1904 1322 1983 praeposuerat.
1346 1902 1440 1983 eaput
1452 1895 1550 1961 inter·

221 2005 297 2073 lecti
316 2008 468 2089 relatum
489 2008 578 2077 cuius
599 2019 727 2095 aspectu
749 2007 827 2096 (ipsa
844 2008 997 2097 principis
1009 2012 1108 2076 rerba
1130 2010 1277 2095 referam)
1303 2028 1409 2086 seura,
1430 2008 1550 2094 inquit,

225 2122 366 2199 «Neron
391 2123 467 2197 ⁰¹,
490 2132 524 2190 ci
542 2124 646 2209 posito
666 2130 751 2191 metu
764 2124 886 2209 nuptiae
897 2126 1080 2210 Poppaeae,
1105 2126 1146 2190 ob
1159 2124 1315 2189 eiusmodi
1326 2129 1463 2189 terrores
1476 2118 1553 2186 dila·

291 2314 318 2363 2.
336 2313 466 2380 udaeque,
495 2318 525 2364 ut
542 2314 634 2365 scribit
652 2317 730 2368 etiarn
749 2315 884 2377 Handius,
915 2328 980 2367 noer
1008 2317 1044 2367 nd
1066 2328 1146 2381 napae
1164 2315 1246 2367 diriee
1263 2314 1336 2367 ΜΒ.
1365 2338 1397 2353 -
1427 2311 1453 2363 ³.
1472 2310 1554 2363 arceo

221 2382 259 2435 Μ.
281 2410 311 2420 -
330 2384 451 2437 andbait
467 2384 505 2435 Μ.
536 2410 567 2422 -
594 2386 621 2435 5.
641 2387 701 2436 eard
718 2385 756 2437 ii.
787 2411 818 2423 -
845 2386 914 2437 tedio
930 2386 969 2439 Μ.
991 2412 1022 2423 -
1039 2386 1066 2437 7.
1086 2394 1213 2452 tanquam
1229 2386 1291 2437 iia.
1311 2410 1343 2423 -
1363 2383 1444 2435 ntcbii
1460 2381 1498 2433 Μ.
1517 2404 1553 2417 -

221 2453 249 2503 8.
267 2457 338 2521 praet
353 2453 391 2507 Μ.
410 2480 444 2493 -
462 2454 487 2504 a.
505 2457 577 2506 aiios
594 2458 693 2506 noriam
711 2457 750 2510 ii.
779 2482 812 2491 -
837 2458 880 2506 ia.
901 2459 988 2519 copnd
1004 2456 1042 2507 bi.
1064 2482 1093 2494 —
1113 2458 1156 2509 13.
1176 2452 1284 2519 caprasi
1300 2456 1340 2507 ii.
1361 2481 1390 2495 -
1410 2452 1553 2517 referebam

221 2524 260 2576 ei.
282 2526 378 2576 Vitium
408 2529 519 2578 correrii
545 2526 714 2577 Puteolanus.
743 2522 898 2591 (referebant
925 2526 1011 2578 Gueti.
1032 2524 1112 2589 liud.)
1142 2552 1176 2563 -
1202 2527 1312 2580 cardi:
1341 2528 1406 2591 prata
1423 2525 1552 2575 llbenano

222 2596 377 2650 auctorali.
406 2622 433 2635 -·
464 2597 556 2661 teqcid
572 2595 610 2646 Μ.
638 2620 669 2633 -
698 2596 741 2647 it.
759 2597 822 2648 Pori
839 2611 864 2649 v.
884 2596 953 2647 iierc
973 2598 1127 2650 exciderunt
1143 2597 1278 2650 nonnulis.
1299 2622 1334 2635 ·-
1354 2602 1380 2649 st
1394 2597 1484 2661 posita
1501 2594 1550 2647 Με

223 2664 419 2729 depactionum
439 2666 525 2718 Gueii.
544 2668 597 2719 ies.
616 2667 720 2719 ΡυιεοΙ.
739 2666 771 2719 Β.
793 2694 821 2706 -
837 2680 957 2732 poppene
974 2667 1012 2718 Μ.

222 2870 254 2884 -
276 2843 409 2912 adnepos]
441 2850 488 2901 cir.
509 2849 586 2903 iirud
606 2850 682 2901 Tura.
702 2849 725 2898 i.
746 2861 772 2911 p.
796 2850 866 2901 189:
906 2849 1046 2901 dammodo
1058 2850 1164 2904 relatae.
1177 2851 1296 2903 Primum
1308 2851 1390 2903 dieite
1409 2844 1552 2917 Διὰγοῦν

222 2926 291 2989 «Qui
311 2935 337 2981 et
355 2932 578 2993 praepositionem
597 2936 624 2981 et
636 2928 808 2991 adverbium,
828 2933 868 2981 in·
905 2928 960 2996 τὴν
977 2924 1148 3004 :repperiare
1164 2955 1176 2968 ·
1192 2954 1204 2967 ·
1230 2924 1288 2983 ried
1316 2930 1451 3002 Νέρωνος
1471 2923 1552 2980 οἶνον·

222 3006 344 3066 terdon,
365 3013 396 3057 ut
413 3010 535 3065 ridetur.
555 3022 645 3062 uersus
665 3009 786 3071 explendi
805 3020 867 3060 cau·
906 3014 1008 3082 petreia.
1045 3009 1148 3061 Deinde
1171 3010 1248 3062 adert
1274 3011 1362 3062 tecum
1379 3009 1475 3060 luitant
1496 3003 1552 3059 sori

222 3099 266 3142 aa.
294 3096 468 3150 usurparent,
497 3092 593 3152 poetae
615 3090 722 3141 ineram
740 3089 866 3154 Augustei
906 3084 1099 3157 σαραβάτουε
1118 3082 1137 3138 d
1155 3086 1186 3141 dt
1205 3086 1381 3152 Μουσώνιος
1396 3084 1551 3152 ἐπεμέλετο

221 3169 297 3227 aeri,
322 3166 433 3220 iioratio
452 3180 505 3220 non
524 3170 704 3232 antiquiores,
732 3175 758 3220 ct
777 3180 868 3219 recen·
904 3168 1005 3241 βαρῶν
1020 3164 1152 3231 (τειχῶν,
1171 3172 1200 3219 nt
1218 3176 1309 3232 postea
1328 3164 1459 3231 espiicat).
1479 3158 1552 3231 ότη-

222 3247 296 3298 tioris
320 3258 412 3309 prosae
430 3250 556 3299 oraticula
575 3252 734 3312 scriptores,
755 3246 866 3309 Gellius,
904 3247 973 3297 νίκα
1001 3242 1122 3313 φεύγειν
1146 3244 1241 3300 αὐτὸν
1264 3246 1402 3300 ἐπέταττε
1423 3238 1552 3318 Νέρων.)

221 3325 383 3389 apprieius,
413 3327 566 3379 Ammianus
591 3334 618 3379 et
642 3327 715 3379 alii.»
735 3326 866 3391 (Tacitum
906 3324 1018 3377 «Melius
1036 3329 1178 3389 rariusque
1196 3327 1367 3379 Philostratus
1384 3325 1417 3384 7,
1431 3323 1482 3375 ibt
1501 3322 1552 3373 erat

223 3418 276 3459 non
295 3403 444 3471 memorat)
462 3432 496 3443 -
513 3405 618 3472 aanor}
638 3409 751 3471 acquiri.
904 3402 967 3472 μὴν
986 3406 1036 3457 ani
1054 3404 1233 3459 Μουσώννον
1248 3404 1301 3459 τὸν
1313 3398 1468 3479 Τυρῥηνὸν
1486 3398 1553 3453 aol-

256 3484 300 3537 59.
320 3483 474 3550 Cononem]
504 3487 655 3538 «Coeranus
674 3488 737 3539 nibi
756 3490 868 3549 irreper-
904 3484 941 3537 λὰ
959 3484 996 3558 τῇ
1016 3478 1093 3559 ἀρχῇ
1106 3484 1318 3538 &varssenaere
1331 3482 1366 3558 τῇ
1388 3482 1467 3551 νήσῳ
1488 3476 1552 3545 ξυν-

223 3570 281 3627 ιυτ,
301 3568 351 3617 uiat
370 3566 440 3629 quod
453 3566 554 3619 Plinius
572 3566 663 3619 indiae
682 3566 740 3617 iibri
753 3567 779 3615 2.
800 3569 869 3617 inter
905 3566 1008 3627 ἐσχεν.
1045 3554 1065 3635 ᾖ
1093 3558 1192 3631 ὄνομα
1225 3560 1326 3635 Priapo
1359 3561 1439 3623 κτλ.;
1479 3559 1551 3612 unde

223 3650 343 3697 auctores
368 3642 527 3709 (externos),
562 3660 631 3709 quoe
657 3646 799 3701 delibavit,
829 3658 868 3696 re·
906 3644 986 3695 rediit
1012 3650 1073 3707 post
1095 3643 1206 3695 Neronis
1233 3645 1397 3695 intertium.»
1421 3641 1498 3693 Lare.
1518 3660 1550 3676 -

223 3733 313 3777 censet
332 3723 487 3775 Ceruium.»
507 3722 633 3789 (Siitigias
651 3730 708 3779 eine
727 3740 781 3778 rar.
795 3725 869 3776 dedit
907 3718 1088 3787 opperiendos]
1108 3726 1239 3785 patienter
1255 3721 1455 3785 exspectandae.
1491 3718 1551 3773 Non

223 3805 339 3857 coerano
353 3803 530 3868 philosopho.)
548 3805 595 3855 ein
612 3805 731 3859 serame
752 3805 802 3867 iip.
822 3803 865 3855 dd.
907 3802 1109 3865 intepretata,
1132 3814 1180 3853 eur
1198 3802 1324 3854 Heinsius
1343 3804 1486 3853 conticeret
1503 3812 1552 3864 np-

222 3884 299 3937 reide
316 3883 463 3935 celebratur
481 3884 560 3935 baias
584 3888 640 3935 aeri
661 3882 792 3935 Clarenna
810 3886 868 3947 qut·
904 3881 1030 3944 paradas
1056 3880 1159 3943 haeque
1186 3882 1311 3944 probaret
1339 3881 1486 3933 Ernestius.
1517 3903 1551 3913 -

223 3965 282 4017 deur
296 3963 466 4025 philosophus
478 3976 504 4012 ra
519 3960 585 4026 (sine
596 3978 650 4016 rar.
664 3964 734 4027 apud
744 3962 867 4027 Fickert.)
905 3958 994 4024 tatem]
1013 3960 1119 4012 Nudum
1138 3975 1199 4013 euna
1211 3961 1421 4013 contrucidatam
1439 3973 1497 4013 ease
1517 3971 1551 4010 ne

224 4042 374 4106 «Numquid
403 4042 438 4092 ibi
468 4040 637 4093 corrosuris
674 4042 743 4109 (iton
770 4043 865 4101 credo,
905 4040 1063 4106 genitalibus
1087 4040 1195 4105 quidem
1214 4042 1323 4103 relatis,
1351 4045 1388 4093 rei
1411 4040 1551 4105 indignita-

224 4126 347 4188 uaoniarn
372 4134 432 4173 euru
457 4122 666 4185 concurrentem
682 4137 757 4173 saara
782 4130 866 4185 rocai,
906 4128 959 4172 tem
978 4129 1073 4185 acret,
1103 4127 1133 4171 ut
1150 4121 1294 4184 sprdonem
1313 4120 1470 4173 Graeculum
1488 4122 1550 4172 rirts

223 4202 295 4267 qnod
313 4202 345 4255 ed
364 4202 530 4261 Romanurn,
551 4216 603 4253 non
622 4202 655 4253 ad
674 4202 803 4255 Graecum
821 4205 867 4257 bo-
905 4202 1060 4254 uriiiiaribus
1072 4200 1215 4257 Romania.
1235 4208 1369 4264 umquam
1387 4204 1410 4253 si
1422 4202 1449 4251 bi
1463 4206 1550 4253 essent

222 4286 320 4336 rainern
338 4295 387 4334 noa
407 4279 501 4345 ducit)
522 4281 592 4334 «Sed
610 4282 750 4336 Musonius
769 4286 865 4344 notior,
904 4282 1028 4332 rotamur
1045 4284 1113 4345 regis
1131 4282 1243 4333 alieuius
1260 4283 1387 4341 asiatici,
1415 4282 1551 4343 praeport-

223 4367 270 4426 uui
287 4361 411 4413 Vulsiniia
438 4364 465 4413 in
493 4361 596 4415 Etruria
619 4371 715 4423 natas,
743 4364 867 4427 εσυευετᾱ
905 4352 970 4411 tuna.
990 4385 1023 4397 -
1040 4357 1187 4425 nosipnio]
1205 4373 1298 4425 pamm
1316 4362 1431 4425 proprie.
1467 4360 1550 4411 lirant

223 4440 339 4502 maron,
369 4441 486 4493 studim
511 4440 691 4505 piritoaopbe'ae
718 4446 743 4491 st
766 4443 868 4505 pientia
904 4441 1037 4503 sexaginta
1064 4447 1176 4493 unium.
1206 4440 1247 4503 (G.
1260 4438 1315 4505 58.)
1345 4440 1448 4493 Dicitur
1470 4442 1551 4504 igitar

223 4520 374 4573 stoicorum
390 4520 538 4571 cemaiaiua
563 4528 616 4582 sat,
642 4524 680 4571 ait
706 4521 812 4574 Tacitus
830 4522 866 4573 ii.
904 4520 930 4571 b.
953 4519 970 4569 i.
990 4519 1031 4571 rei
1059 4533 1107 4584 pro
1134 4522 1272 4581 centurie,
1307 4534 1377 4583 quae
1411 4522 1550 4573 minimum

198 4612 201 4618 ·
223 4598 258 4657 8,
276 4597 338 4649 81.»
368 4595 455 4663 (Adde
471 4598 541 4649 ann.
563 4600 613 4661 15,
631 4600 696 4661 ii„
715 4602 761 4653 ubi
786 4598 867 4665 ride.)
903 4602 1035 4664 serermra
1046 4600 1168 4663 babebat,
1182 4601 1222 4652 rei
1231 4614 1280 4664 pro
1289 4614 1369 4653 uranu
1378 4612 1549 4666 quacunque.

224 4678 352 4731 «Nomina
374 4678 411 4730 iiii
430 4678 461 4729 G.
480 4678 620 4731 Musonius
638 4678 740 4741 auius,
770 4684 808 4732 ati
837 4694 867 4733 er
904 4682 974 4735 Ena·
1000 4704 1030 4719 -
1049 4676 1177 4745 σείοντα]
1206 4681 1280 4735 died.
1298 4682 1440 4747 resorbeat
1461 4694 1550 4733 merua

223 4756 291 4809 litat
311 4758 344 4819 t,
362 4756 406 4809 tb-
426 4762 454 4809 et
469 4756 556 4811 rirnio
573 4758 679 4823 colliges
697 4759 765 4822 tipp.
780 4760 807 4823 3,
822 4761 866 4811 ii.
905 4768 945 4815 esi
961 4773 1051 4821 errorr
1082 4772 1134 4812 nee
1151 4773 1199 4822 pro
1216 4762 1267 4813 boe
1282 4764 1437 4827 imperieeto
1455 4764 1549 4815 aiieme

224 4837 372 4901 Superrixit
401 4836 435 4888 ad
466 4839 606 4901 imperinm
635 4838 807 4901 Vespasiani,
838 4844 869 4891 ut
905 4838 1037 4894 debebant
1060 4840 1205 4903 perfectura
1231 4842 1304 4905 apud
1330 4842 1405 4896 Suet.
1435 4845 1462 4893 in
1489 4840 1549 4892 Vita

223 4918 282 4969 iure
308 4917 398 4978 euipee
421 4916 549 4978 suidam,
577 4918 743 4973 interiectam
768 4932 868 4973 ennea
906 4921 993 4971 iiar.r
1020 4918 1135 4973 mest
1151 4920 1293 4985 macha,
1323 4920 1446 4986 ersom
1468 4934 1549 4987 urps·

222 4996 584 5054 Neronebtaaddrrnantenr.
621 4996 688 5053 Vide
707 5012 767 5051 eam
785 5001 866 5055 inrr·
903 5000 984 5050 marti
1000 5000 1313 5065 anaauponenanbiecir
1338 4999 1413 5055 snas
1429 5002 1480 5055 tibi
1497 5002 1548 5053 utt-

223 5072 397 5141 Μουσώνιος
423 5082 451 5129 et
475 5075 672 5148 Κορνοῦτος.»
709 5074 815 5143 (Saldae
839 5082 868 5131 in
904 5080 1112 5143 patdicriaeer.
1128 5105 1162 5119 -
1178 5077 1258 5147 diere]
1276 5081 1425 5137 tiuutatum
1436 5082 1549 5135 Neronis

224 5151 691 5223 demembrationem
718 5160 776 5223 ipae
801 5172 867 5227 pua·
907 5160 1008 5215 dietum
1038 5160 1118 5219 trien
1150 5161 1207 5217 iare
1231 5165 1389 5221 ”abnuant
1414 5162 1547 5221 babebatr
