3734 5917
577 470 698 535 umus
718 470 744 535 1.
790 470 864 557 cap.
889 468 1095 539 is.1a.ao.
1128 472 1181 539 ιι.
1502 481 1546 548 ss

212 631 357 701 uibunm
382 630 539 718 legatione
564 652 603 697 ca
622 628 824 716 ungerem,
851 636 1037 717 peteretque
1056 629 1209 699 militibus
1231 633 1414 705 missionem
1433 639 1474 703 sio
1496 660 1546 705 so.

213 746 316 817 decim
346 747 453 811 annis:
495 752 599 811 cetera
631 747 848 821 mandaturos,
889 741 946 811 ubi
976 743 1079 844 prima
1116 748 1344 831 provenissent.
1402 750 1545 839 proiecto

211 861 326 929 iuvene
347 858 505 925 modicum
527 860 647 925 οιιιιιιι
684 859 740 923 sed
768 855 934 945 superbire
964 857 1073 937 mdes,
1107 862 1193 946 quod
1219 859 1300 927 filius
1321 861 1416 948 legati
1437 874 1545 933 orsos
1575 906 1603 931 2,
1641 909 1672 941 ,ιι
1825 902 1830 912 ·

212 972 358 1061 publicae
379 992 490 1041 causas
511 971 586 1039 satis
606 970 787 1039 ostenderet
808 971 993 1038 necessitate
1015 991 1165 1059 expressa
1185 993 1267 1060 quse
1287 994 1346 1061 per
1360 975 1545 1045 modestiam

212 1108 277 1155 nou
298 1088 517 1155 obtinuissent.
563 1083 624 1173 (io)
657 1086 778 1151 interea
805 1083 959 1173 manipuli
987 1091 1059 1151 ante
1084 1093 1227 1173 coeptam
1254 1091 1441 1155 seditionem
1461 1095 1596 1159 lieu-s¹

211 1209 340 1289 portum
367 1202 454 1267 missi
482 1202 524 1266 ob
550 1199 661 1267 itinera
683 1207 715 1265 et
734 1206 847 1283 pontes
868 1205 901 1265 et
921 1197 1000 1265 alios
1021 1219 1113 1276 usus,
1142 1207 1309 1296 postquam
1330 1200 1489 1269 turbatum
1510 1207 1545 1271 in
1596 1196 1610 1235 ³¹

212 1315 323 1383 earnis
343 1334 508 1403 accepera,
541 1312 655 1380 vexilla
675 1312 871 1387 convellunt,
904 1309 1098 1398 direptisque
1125 1312 1280 1399 proximis
1306 1314 1384 1381 vicis
1410 1318 1545 1404 ipsoque

211 1434 390 1515 Nauporto,
428 1430 513 1515 quod
541 1427 702 1512 municipii
730 1429 828 1493 instar
856 1432 943 1504 erat,
982 1427 1143 1515 retinentis
1171 1432 1372 1495 centuriones
1391 1429 1491 1497 inrisu
1512 1438 1546 1497 ei
1708 1454 1740 1479 ·¹

212 1542 428 1620 contumeliis,
463 1548 624 1627 postremo
646 1538 828 1607 verberibus
848 1543 1059 1617 insectantur,
1093 1539 1263 1628 praecipua
1291 1540 1325 1607 in
1345 1541 1544 1611 Aufidienum

211 1656 326 1725 italum
340 1653 531 1743 praesectum
546 1660 719 1721 corborum
733 1656 798 1745 ira,
822 1672 917 1740 quem
932 1654 1095 1738 dereptum
1110 1652 1256 1721 vehiculo
1270 1654 1400 1721 sarcinis
1413 1665 1583 1741 pavonis·
1634 1691 1642 1708 ι
1671 1691 1678 1710 1

106 1829 123 1845 ..
155 1770 499 1857 mffi„aguut‹1ueprrirrio
526 1772 560 1833 in
587 1766 731 1853 agmine,
764 1786 821 1853 per
848 1762 1021 1831 ludibrium
1047 1764 1218 1851 rogitantes
1243 1787 1284 1861 an
1304 1776 1369 1833 ιιιι
1390 1768 1545 1839 immensa
1656 1827 1659 1836 ,
1699 1855 1704 1865 Α
1734 1855 1737 1864 Ι

213 1904 325 1960 onera,
358 1891 420 1949 tarn
441 1885 536 1967 longa
555 1880 666 1947 itinera
685 1878 819 1946 libenter
839 1880 948 1943 ferret.
993 1879 1110 1965 quippe
1129 1877 1228 1946 Rufus
1250 1878 1306 1947 diu
1325 1861 1582 1967 manipularis(
1691 1855 1715 1957 ι,

213 2000 286 2065 dein
318 1994 475 2073 camussia,
514 2013 591 2061 mox
626 1994 734 2107 castris
765 1989 966 2098 praelectus,
1002 1990 1161 2078 antiquam
1196 1990 1369 2080 duramque
1400 1996 1545 2065 militiam
1762 2006 1770 2013 ’

212 2108 396 2187 revocabat,
429 2110 550 2192 †intus
582 2085 698 2195 operis
707 2066 926 2183 celabatis,
941 2112 973 2171 et
998 2127 1037 2171 eo
1066 2106 1218 2171 immitior
1244 2106 1318 2192 quia
1344 2110 1543 2177 toleraverat.

214 2224 275 2312 (21)
297 2228 412 2292 borum
432 2224 567 2289 adventu
587 2218 818 2307 redintegratur
838 2217 971 2297 seditio,
993 2226 1026 2285 et
1045 2220 1117 2305 vagi
1138 2217 1336 2297 cbeumieeta
1351 2220 1582 2309 populaban-ss

214 2348 273 2405 tur.
315 2340 444 2403 Blaesus
469 2354 604 2423 paucos,
640 2334 774 2401 maxime
802 2332 920 2420 pracda
949 2339 1094 2409 onustos,
1126 2337 1168 2400 ad
1187 2341 1344 2401 terrorem
1365 2342 1546 2405 ceterorum

213 2452 305 2519 adiici
325 2448 539 2529 verberibus,
557 2447 661 2551 claudi
682 2467 808 2515 carcere
829 2449 938 2513 iubet:
977 2466 1049 2512 nam
1069 2447 1164 2513 eiiam
1184 2454 1251 2513 tum
1274 2447 1377 2533 legato
1398 2469 1418 2514 a
1437 2458 1545 2517 cautu-

213 2566 357 2633 rionibus
384 2572 416 2629 ei
441 2553 570 2647 optimo
587 2539 713 2649 quoque
737 2538 984 2649 manipularium
1006 2540 1187 2649 parebatur.
1231 2560 1278 2627 illi
1299 2559 1399 2627 obniti
1421 2566 1545 2629 traben-

213 2677 312 2755 ibus,
347 2696 496 2764 prensare
517 2675 780 2742 circmnstantium
802 2694 922 2760 genua,
955 2672 1039 2739 ciere
1065 2676 1162 2739 modo
1188 2674 1316 2741 uomina
1337 2676 1581 2776 singulorum,
1577 2727 1635 2754 .s‚„
1769 2753 1772 2761 ,

214 2790 308 2859 modo
341 2792 511 2879 centuriam
545 2791 676 2911 quisque
709 2790 797 2874 cuius
801 2786 1023 2882 manipularis
1044 2795 1129 2864 erat,
1157 2793 1334 2863 cohortem,
1371 2765 1581 2875 legionesa·

213 2904 323 2973 cadem
344 2883 520 2971 omnibus'
511 2897 677 2969 imminere
688 2879 903 2968 clamitantes.
925 2900 1019 2967 simul
1038 2901 1184 2989 probra
1173 2922 1207 2967 ιιι
1220 2901 1357 2987 legatum
1373 2904 1543 2980 cumulant,

264 3091 291 3139 i.
311 3088 347 3137 cd
363 3086 401 3139 ii.
424 3111 452 3122 -
473 3083 703 3143 unicissimum,
722 3082 938 3144 nonassdscim,
956 3083 996 3135 ii.
1017 3107 1050 3120 -
1076 3083 1103 3133 i.
1123 3094 1266 3145 asprusmu
1282 3082 1321 3135 ii.
1343 3107 1372 3119 -
1395 3084 1421 3135 o.
1438 3086 1546 3141 “smera

212 3158 251 3209 ii.
271 3180 304 3197 -
332 3156 360 3209 7.
390 3157 507 3221 occipere
531 3154 560 3207 bl
584 3169 658 3206 mero
683 3168 787 3214 errore,
818 3168 896 3217 quem
916 3154 1040 3206 erbibsre
1059 3154 1191 3205 infinitum
1210 3153 1365 3206 bistorisum
1382 3154 1545 3209 Doederlein

212 3230 338 3291 suspicari
358 3240 410 3277 uon
429 3227 552 3280 debebat.
572 3226 624 3277 Oa.
645 3251 674 3262 -
703 3225 728 3275 ii.
757 3228 844 3276 iuriae
863 3225 904 3276 lii:
932 3226 1016 3276 irrisu
1033 3224 1065 3273 B.
1085 3246 1119 3260 -
1144 3225 1172 3275 9.
1198 3226 1370 3276 insectantur.
1396 3226 1546 3291 Praecipue

213 3301 330 3351 distinxit
348 3299 450 3359 illitos,
469 3305 498 3350 ιιι
514 3298 662 3362 praecipua
675 3321 686 3331 ·
697 3322 708 3333 ·
720 3296 765 3345 irc
783 3300 817 3346 sii
833 3298 1029 3351 nominativus:
1046 3296 1073 3344 id
1088 3296 1160 3357 quod
1173 3298 1260 3345 minus
1273 3299 1412 3358 pieres-
1431 3298 1474 3349 13.
1488 3314 1546 3350 esn-

213 3378 273 3421 iuro
285 3370 322 3421 ii.
341 3368 426 3418 -14,
443 3370 513 3419 iuius
530 3368 576 3419 ii:
593 3372 667 3419 vetus
685 3373 792 3418 auctore
804 3366 893 3429 lipsio
912 3368 949 3424 B,
970 3366 1042 3429 quod
1061 3366 1155 3428 placet·
1175 3365 1282 3418 Scilicet
1298 3367 1449 3419 scribebant
1460 3376 1544 3432 usius,

211 3445 284 3491 intus
301 3446 389 3493 autem
408 3442 464 3490 sins
484 3446 581 3502 puncto
600 3434 685 3502 usque
703 3439 736 3489 ad
749 3448 803 3489 sec.
817 3437 894 3496 XV.;
911 3439 1027 3487 inuictus
1045 3436 1189 3489 Beroaldus
1212 3440 1241 3488 in
1259 3452 1311 3502 mg.
1330 3438 1369 3490 ii.
1389 3444 1416 3489 st
1434 3442 1461 3489 in
1481 3441 1543 3498 lid„

212 3512 240 3562 id
254 3512 323 3575 quod
338 3514 431 3574 probat
447 3510 624 3568 Doederlein:
644 3510 762 3559 intentus
780 3511 887 3559 auctore
907 3508 1017 3559 lleiusio
1029 3507 1092 3566 W·;
1111 3512 1228 3559 otiantur
1240 3509 1394 3572 libanensis,
1414 3512 1544 3573 speciose,

213 3596 272 3633 cum
292 3582 450 3646 praecedam
468 3582 570 3632 litterae
589 3586 628 3630 ot.
664 3578 786 3630 Attamen
815 3578 884 3629 nulia
913 3579 1001 3630 adbue
1028 3581 1177 3630 coniectura
1203 3591 1263 3629 eum
1286 3576 1322 3630 'sii
1346 3592 1454 3643 prorsus
1473 3584 1545 3633 serta

213 3652 284 3715 (narn
303 3660 330 3703 at
347 3656 465 3703 citemus
483 3658 511 3701 et
526 3652 643 3701 iussurus
670 3662 731 3702 cum
750 3652 863 3713 genitivo
883 3650 1008 3711 ersmpiis
1032 3646 1148 3713 eareat),
1173 3654 1334 3703 sensuimus
1358 3652 1544 3714 corruptelam.

214 3726 265 3775 Oa.
286 3749 318 3763 -
336 3722 507 3773 soiimovsrm
523 3722 562 3773 ii.
584 3747 612 3761 -·
633 3722 677 3773 17.
696 3722 775 3788 adfici
794 3720 822 3772 ii
833 3734 841 3771 ι
860 3719 934 3785 affici
952 3720 984 3769 li.

212 3879 329 3929 diaeum
345 3889 416 3929 nune
432 3879 528 3940 ipsum.
557 3902 589 3913 -
619 3872 809 3939 proumimms]
829 3881 859 3927 ui
896 3874 961 3925 culis
981 3879 1044 3925 tunc
1057 3877 1085 3924 in
1102 3876 1271 3928 itinereusos
1285 3890 1352 3928 esse.
1374 3902 1407 3915 -
1423 3882 1497 3929 emus
1510 3876 1544 3941 (si

214 3959 282 4009 illst.
301 3960 334 4017 a,
354 3957 397 4008 io.
417 3956 444 4015 i,
465 3954 508 4007 iii.
527 3956 605 4007 Ouid.
625 3956 704 4006 Trist.
725 3955 855 4017 i,1‚³a:
895 3955 1031 4006 baeivsra
1044 3952 1134 4016 lectio)
1149 3954 1245 4019 operis]
1264 3970 1311 4020 par
1323 3956 1417 4009 multos
1434 3960 1485 4009 iarn
1498 3972 1545 4011 an-

214 4038 338 4089 curmimc
346 4037 505 4099 proueniunt
521 4037 610 4086 auimo
628 4036 740 4087 mouera
756 4048 857 4087 sermo.
896 4047 945 4085 nos
957 4032 1101 4086 industrias
1110 4035 1215 4086 militari
1229 4049 1260 4087 ac
1268 4037 1402 4089 laboribus
1413 4044 1544 4091 assuetus.

248 4116 291 4169 ιθ.
316 4112 492 4180 Nauportum]
512 4118 538 4166 in
556 4115 691 4167 Pannonia
709 4116 857 4178 superiore,
931 4114 976 4165 21.
990 4110 1103 4177 caream]
1119 4117 1145 4165 iu
1159 4119 1249 4167 matris
1258 4120 1359 4169 stativis
1372 4133 1433 4182 ergo
1443 4132 1542 4172 sarem.

215 4210 296 4260 prope
316 4196 442 4258 oppidum
462 4194 649 4259 Obsrlupbccb.
671 4195 739 4247 Veii.
753 4195 780 4253 2,
797 4195 857 4245 iio.
896 4194 996 4245 Verum
1012 4193 1144 4245 iuvenalis
1162 4195 1196 4254 d,
1215 4196 1287 4247 biii:
1306 4198 1331 4247 si
1348 4198 1427 4261 leupo
1445 4204 1545 4251 castro·

213 4300 249 4312 -
266 4274 421 4339 runcaliam]
442 4276 540 4337 escis,
559 4275 605 4327 ubi
619 4276 667 4327 lira
681 4280 771 4329 erant.
791 4276 859 4326 evei·
895 4287 957 4323 rem
973 4274 1003 4323 io
1020 4286 1126 4325 cursam
1142 4276 1256 4334 morit,
1277 4290 1357 4339 quam
1371 4278 1546 4333 lucumonem

214 4358 288 4415 lunt.
307 4359 407 4419 quippe
426 4355 537 4406 redituri
557 4358 584 4406 in
603 4362 697 4407 eastra.
717 4376 751 4392 -
775 4356 859 4405 mumi-
896 4355 1018 4416 Lipsius,
1039 4354 1225 4419 intelligendus
1244 4354 1277 4407 da
1291 4361 1382 4410 eastris
1395 4364 1544 4421 praetoriis.

214 4430 287 4499 eipii]
307 4434 417 4497 oppidi.
437 4434 600 4495 ut.llist.i,
619 4434 663 4487 oi.
683 4434 716 4496 3,
733 4434 775 4485 itt.
795 4432 859 4489 i.3
899 4459 928 4471 -
952 4447 1017 4483 mum
1041 4436 1120 4485 stium
1143 4442 1199 4485 ium
1222 4461 1261 4473 ··
1283 4438 1441 4505 parebatur]
1473 4442 1546 4493 llaec

214 4523 242 4566 et
257 4516 301 4564 ie.
332 4516 426 4577 Nesus
445 4515 487 4566 bis
505 4528 591 4579 neque
609 4516 671 4568 aiibi
691 4527 769 4576 saepe
788 4514 858 4575 apud
897 4526 938 4566 vv·
959 4527 1012 4565 non
1031 4516 1068 4566 ita
1086 4515 1253 4580 intelligenda
1272 4525 1351 4580 suni,
1372 4524 1447 4582 quasi
1467 4522 1545 4572 etiam

214 4596 333 4647 'laelium
352 4598 458 4659 cogitari
475 4596 553 4647 debet
568 4598 600 4647 de
620 4600 677 4647 iure
695 4597 859 4657 municipum
898 4597 1065 4645 centuriones
1083 4601 1110 4645 ei
1128 4599 1244 4659 optimus
1260 4598 1374 4663 quisque
1386 4600 1473 4663 paulic
1487 4606 1547 4663 post

215 4675 343 4729 vocabulo
367 4675 505 4739 municipii
528 4678 600 4739 apud
626 4680 726 4738 priores
748 4678 859 4737 scripto·
898 4673 1056 4727 seditionem
1076 4673 1163 4727 iurors
1182 4681 1381 4741 correptioni,
1404 4682 1450 4732 sed
1470 4692 1546 4742 pare·

215 4770 255 4806 res
274 4754 383 4806 incluso.
403 4755 507 4807 Duras.
528 4782 561 4793 -
585 4758 731 4819 praecipuo
747 4781 758 4791 ·
775 4782 784 4795 ·
804 4752 858 4817 iro]
898 4753 975 4805 batur
992 4755 1025 4805 ab
1043 4758 1095 4817 iis,
1122 4759 1185 4819 quia
1203 4759 1347 4810 etiamtunc
1372 4759 1448 4811 ducis
1473 4764 1546 4815 iussa

213 4835 363 4887 Rotundior
386 4835 416 4885 iia
438 4836 554 4886 clausula
572 4843 652 4899 etqua
671 4840 755 4887 oratio
773 4834 861 4887 sifica-
899 4838 1006 4897 exsequi
1027 4841 1165 4898 poterant,
1192 4851 1251 4890 mor
1269 4845 1357 4891 autem
1374 4852 1390 4890 a
1408 4840 1547 4904 lymphatis

216 4917 287 4977 sior,
315 4918 336 4965 si
361 4915 426 4965 baec
445 4929 485 4966 vv.
511 4928 558 4977 pro
580 4916 699 4967 ablativis
717 4914 860 4967 bsbsamus
899 4915 1026 4965 militibus
1049 4921 1156 4967 omnino
1179 4922 1260 4980 spreti
1281 4932 1311 4970 ae
1329 4919 1482 4973 verberibus
1502 4937 1547 4986 ps-

216 5000 401 5059 potiusquam
420 5006 478 5045 curn
494 4995 595 5045 liittcru
616 5008 662 5057 pro
681 4998 858 5048 nominativis.
899 4998 940 5046 titi
964 4997 1042 5048 saluii
1066 5010 1130 5049 suas
1155 4996 1216 5062 iuga
1241 4998 1377 5052 consulere
1402 5001 1545 5055 debebant.

213 5100 249 5111 -
265 5074 398 5136 orbiculo]
417 5088 470 5138 quc
487 5074 615 5126 abeuntes
637 5078 753 5127 comitari
771 5077 861 5130 votue—
899 5074 963 5127 Sine
981 5089 1060 5128 eamn
1078 5077 1173 5131 tdouaa
1197 5079 1229 5130 ad
1253 5079 1323 5129 bunc
1349 5079 1436 5133 iocum
1463 5083 1547 5137 bassii

216 5162 275 5217 retr
301 5161 362 5207 uota
381 5154 449 5219 boc,
478 5154 640 5209 honestiores
658 5155 770 5207 miiitum
789 5156 861 5211 vebi·
899 5154 1029 5219 Wciiius,
1060 5160 1136 5210 euius
1155 5159 1335 5214 dubitationes
1351 5160 1420 5217 bens
1438 5166 1549 5219 removit
