3734 5917
312 496 374 564 388
697 497 885 564 CORNELII
905 495 1040 564 TAClTl
1059 497 1264 566 ANNALlUbi

310 656 438 740 ingenio
468 655 700 724 simulationum
729 666 832 722 tamen
853 656 931 724 laisa
951 659 985 722 in
1004 659 1074 724 sinu
1097 656 1147 722 ari
1170 655 1390 744 perdidicerat.
1428 657 1489 746 (lb)
1507 679 1640 744 marum

299 771 372 847 'boc
396 769 548 857 principi,
575 790 677 857 eoque
702 770 906 837 dubitaritde
931 769 1080 838 tradenda
1101 791 1138 838 re
1161 774 1290 856 publica
1314 772 1450 858 primum
1477 772 1562 840 inter
1582 794 1640 840 ne-

309 895 419 973 potes,
449 907 582 973 quorum
604 892 709 954 Druso
727 890 848 974 genitus
869 891 1020 972 sanguine
1043 898 1075 954 et
1095 891 1222 956 caritate
1244 889 1384 977 propior,
1411 892 1467 956 sed
1497 885 1638 954 nondum

310 1002 507 1087 pubertatem
521 1001 698 1085 ingressus,
718 1001 894 1068 Germanici
913 999 979 1068 lilio
1000 1005 1100 1068 robur
1123 1005 1287 1080 iuventae,
1306 1003 1390 1089 vulgi
1404 1005 1520 1076 studia,
1536 1021 1636 1086 caque

287 1117 392 1201 ‘apud
425 1133 519 1180 avum
551 1111 615 1179 odii
648 1135 751 1181 caasa.
799 1113 893 1180 etiam
924 1113 965 1180 de
995 1114 1124 1182 Claudio
1149 1115 1292 1202 agitanti,
1314 1115 1398 1202 quod
1423 1118 1449 1182 is
1474 1111 1637 1198 conposita

309 1235 411 1293 aetate
431 1229 585 1293 bonarum
609 1225 725 1293 artium
751 1226 879 1313 cupiens
904 1235 987 1303 erat,
1009 1227 1172 1294 imminuta
1199 1251 1288 1296 mens
1321 1227 1389 1295 eius
1416 1226 1544 1296 obstitit.
1588 1225 1637 1292 ein

309 1349 397 1406 exue
422 1339 551 1405 domum
583 1359 744 1406 successor
775 1349 993 1426 quaereretur,
1026 1363 1067 1406 ne
1102 1344 1255 1409 memoria
1288 1341 1435 1426 Augusti,
1458 1363 1498 1406 ne
1520 1359 1636 1405 nomen

308 1455 477 1520 Caesarum
509 1453 542 1518 in
573 1450 708 1519 ludibria
738 1459 770 1518 et
797 1455 1002 1520 contumelias
1027 1463 1205 1532 verterent,
1240 1453 1410 1522 metuebat.
1449 1453 1566 1541 quippe
1587 1449 1635 1516 illi

306 1589 371 1634 non
393 1565 522 1655 perinde
546 1589 640 1634 carae
663 1568 762 1652 gratia
784 1569 997 1653 praesentium
1022 1589 1115 1654 quam
1141 1567 1174 1634 in
1197 1575 1340 1655 posteros
1372 1565 1515 1634 ambitio.
1560 1583 1635 1630 mox

268 1685 444 1749 soinccrtns
468 1682 578 1755 animi,
604 1679 688 1746 sesso
707 1700 859 1766 corpore,
884 1679 1064 1756 consilium,
1080 1681 1130 1746 cui
1156 1683 1258 1769 impar
1282 1689 1364 1759 erat,
1388 1680 1451 1748 lato
1473 1677 1630 1767 permisit,

309 1797 398 1862 iactis
412 1803 516 1860 tamen
530 1795 661 1860 vocibus
679 1813 738 1880 per
759 1815 836 1879 quas
856 1792 1091 1878 intellegeretur
1110 1794 1261 1880 providus
1278 1795 1468 1862 futurorum.
1499 1811 1633 1875 namque

305 1909 462 1984 blacroni,
480 1927 545 1974 non
569 1905 675 1972 abdita
700 1904 845 1991 ambage,
871 1906 1065 1973 occidentem
1090 1905 1130 1972 ab
1156 1929 1194 1972 co
1219 1912 1339 1986 deseri,
1374 1907 1529 1973 orientem
1563 1923 1633 1990 spe-

306 2021 383 2090 ctari
409 2018 620 2109 exprobrarit.
657 2027 688 2085 et
713 2020 749 2084 C.
773 2021 899 2086 Caesari
922 2019 1004 2086 sorte
1023 2030 1093 2086 orto
1115 2041 1260 2086 sermone
1279 2025 1314 2088 L.
1331 2020 1446 2086 Sullam
1468 2016 1632 2090 inridenti,

304 2137 411 2202 omnia
431 2134 534 2202 Saitae
561 2131 636 2198 vitia
668 2141 701 2197 ct
721 2131 837 2198 nullam
861 2132 1004 2200 eiusdem
1018 2134 1165 2200 virtutem
1186 2133 1365 2201 babitumm
1386 2131 1553 2220 praedixit.
1591 2130 1632 2195 si-

265 2249 369 2316 “mul
394 2247 513 2315 crebris
534 2267 604 2310 cnm
627 2244 761 2312 lacrimis
785 2244 939 2311 minorem
965 2266 1006 2312 ex
1028 2244 1195 2330 nepotibus
1210 2247 1396 2333 conplexus,
1412 2246 1490 2310 truci
1504 2239 1631 2309 ulterius

304 2365 408 2440 voltu,
436 2360 580 2427 coccides
598 2362 680 2424 banc
700 2366 756 2424 tu·
781 2357 902 2444 inquit,
932 2367 985 2424 oet
1004 2368 1034 2425 te
1060 2357 1169 2425 aliua·
1216 2363 1272 2426 sed
1301 2366 1501 2445 gravescente
1522 2357 1632 2422 valitu-

304 2473 377 2537 dine
397 2470 473 2536 nibil
498 2493 516 2536 ο
542 2464 724 2536 libidinibns
745 2469 924 2544 omittebat,
962 2467 994 2534 in
1033 2469 1183 2554 patientia
1209 2467 1432 2536 firmitudinem
1462 2472 1628 2546 simulans,

297 2584 477 2669 ‚solitusque
498 2582 627 2649 eludere
648 2580 844 2649 medicorum
865 2590 949 2647 artes
970 2589 1064 2668 atque
1084 2603 1140 2650 eos
1156 2581 1209 2669 qui
1225 2590 1295 2670 post
1308 2583 1499 2650 tricesimum
1521 2585 1631 2650 aetatis

302 2719 417 2766 annum
445 2700 485 2764 ad
511 2694 750 2763 internoscenda
776 2697 901 2782 corpori
929 2715 988 2762 suo
1016 2696 1104 2763 utilia
1132 2696 1182 2764 vel
1207 2694 1300 2761 noxia
1320 2695 1415 2763 abcni
1437 2696 1560 2764 consilii
1581 2698 1628 2762 in·

264 2811 335 2878 odi
374 2818 455 2879 rent.

335 2833 374 2898 μ
387 2923 448 3009 (tl)
470 2923 596 2990 Interim
625 2925 743 2988 Romae
775 2919 890 2987 suturis
923 2925 1017 2988 etiam
1046 2929 1118 3006 post
1147 2921 1305 2990 Tiberium
1334 2925 1481 2990 caedibus
1509 2925 1629 2990 semina

300 3035 503 3102 iaciebantur.
538 3035 662 3103 Laelius
683 3033 797 3100 Balbus
818 3037 978 3112 Acadam,
998 3039 1032 3101 Ρ.
1048 3035 1165 3101 Vitellii
1186 3040 1344 3122 quondam
1366 3057 1514 3118 uxorem,
1533 3037 1629 3106 maie·

369 3213 396 3266 5.
415 3220 482 3278 opat
499 3212 537 3266 li.
563 3235 596 3248 -
621 3227 699 3277 coep.
716 3213 759 3265 bts
779 3225 863 3278 comp.
882 3212 914 3263 8.
944 3236 976 3249 -
1006 3211 1032 3264 8.
1053 3213 1156 3262 erciam
1172 3213 1209 3264 lt·
1230 3239 1259 3252 -
1280 3215 1322 3267 18,
1343 3215 1371 3267 c.
1391 3215 1435 3267 uz
1455 3211 1525 3265 dcto
1542 3213 1574 3264 8.
1596 3237 1626 3251 -

299 3285 331 3338 L·
350 3283 395 3336 bt:
418 3285 526 3336 bantana
543 3283 575 3334 B.
602 3308 633 3321 -
660 3287 713 3333 ter.
731 3283 777 3335 bl:
795 3286 843 3333 trr.
864 3283 896 3332 B.
918 3308 946 3321 -
968 3281 1011 3334 lb.
1031 3283 1116 3345 coapl.
1135 3285 1178 3338 bl:
1198 3286 1293 3351 compl.
1312 3287 1344 3336 B.
1365 3311 1393 3324 -
1414 3285 1459 3337 18.
1476 3285 1571 3349 inpuid
1587 3283 1626 3337 bl.

300 3381 333 3396 -
351 3357 396 3408 88.
414 3355 510 3407 tactim
526 3355 563 3408 ll.
587 3375 614 3388 -
633 3353 664 3403 P.
685 3353 728 3406 u:
748 3352 834 3403 Μυῒ
849 3352 882 3404 ll.
900 3377 935 3388 -
953 3354 1058 3404 scortea
1077 3353 1115 3406 ld.

298 3505 362 3554 tter.
381 3500 436 3554 cre.
455 3500 530 3553 Brut.
549 3497 603 3551 dte
630 3505 764 3563 patronas
783 3498 877 3561 puello
894 3496 947 3561 [er-
982 3495 1109 3566 ἐκγόνου
1126 3493 1187 3566 ἔφη
1206 3499 1280 3573 πρὸς
1296 3497 1349 3554 τὸν
1364 3497 1456 3553 Γάϊον
1473 3494 1490 3551 ὁ
1511 3495 1627 3564 κάκτος

296 3584 386 3634 aridior
403 3589 484 3648 αιηιιι
499 3582 664 3632 commorior.
700 3577 740 3629 Aa
761 3579 880 3630 stmtltter
897 3579 947 3630 Ca·
984 3579 1133 3650 Τιβέριος,
1153 3581 1187 3631 Τί
1201 3577 1371 3645 σπουδάζεις
1378 3597 1390 3642 ,·
1407 3581 1457 3630 καὶ
1467 3576 1505 3632 οὐ
1520 3580 1626 3632 τοῦτον

298 3663 380 3729 ligula
398 3662 469 3713 litat.
482 3661 517 3724 l,
535 3659 580 3712 48.
598 3664 708 3712 secatur
721 3657 840 3709 turbidae
851 3659 944 3710 eotaat.
982 3655 1158 3721 φονεύσεις,
1176 3659 1226 3709 καὶ
1241 3652 1381 3710 ciciliae·
1417 3656 1469 3721 (be
1489 3660 1626 3720 utriusque

983 3735 1063 3787 caede
1082 3749 1107 3788 v.
1129 3738 1257 3799 lmprtmta
1285 3737 1422 3790 Pbtionem
1449 3739 1475 3788 tn
1501 3738 1564 3802 Leg.
1592 3735 1625 3788 ad

331 3823 377 3876 te.
404 3834 519 3886 mrum
543 3814 607 3883 tec]
632 3818 740 3872 constlta
764 3822 792 3869 et
813 3823 882 3870 artes
904 3819 945 3868 tn·
983 3805 1119 3866 estune.
1139 3821 1166 3866 et
1182 3815 1228 3877 5.,
1248 3824 1303 3867 tum
1322 3818 1395 3870 suet.
1416 3814 1471 3868 Cat.
1485 3815 1528 3866 2³·
1542 3816 1624 3870 etbtl·

297 3904 393 3969 telltgtt
410 3903 467 3957 Gall
486 3901 664 3954 etbtacronts.
680 3925 709 3938 -
729 3900 818 3951 Draco
831 3893 944 3962 υιοιιιιε]
981 3893 1117 3945 Tiberium
1141 3894 1220 3947 carm
1244 3898 1355 3949 interfici
1373 3900 1447 3948 tussit
1465 3899 1516 3949 tam
1541 3900 1625 3959 prtmo

296 3983 430 4036 Ttbertus.
448 3983 482 4043 8,
500 3979 544 4032 st.
559 3981 609 4032 blo
621 3978 673 4040 88,
691 3977 735 4029 88.
760 4003 788 4016 -
809 3979 945 4040 conposite
981 3976 1083 4035 tmpartt
1098 3976 1192 4036 auno.)
1205 3998 1237 4012 ·-
1254 3973 1432 4040 inpatientia]
1453 3976 1556 4029 dolores
1574 3977 1626 4030 tor-

294 4059 394 4126 astnte]
412 4062 505 4116 eadam
523 4061 710 4127 stgntdcattone
730 4057 823 4110 Graeci
851 4051 870 4125 ἡ
888 4073 943 4108 κα-
979 4055 1041 4105 tlter
1059 4054 1155 4106 celans.
1186 4055 1271 4106 «Dum
1290 4057 1466 4110 valetudinem
1484 4059 1540 4109 stre
1558 4070 1626 4110 mor·

295 4141 457 4210 becapaotc
473 4137 572 4210 ἡλικία
589 4139 720 4204 (Tbncyd.
739 4138 773 4198 8,
791 4133 861 4200 dd),
890 4136 941 4186 dee
978 4135 1043 4185 bum
1061 4136 1161 4196 patitur
1177 4135 1218 4188 vet
1236 4136 1330 4187 medita
1347 4139 1373 4186 ln
1391 4137 1525 4190 deterrens
1537 4139 1624 4191 valere

294 4231 417 4291 gustate,
435 4223 548 4275 matters
567 4220 648 4272 Alter·
687 4217 743 4270 cic.
761 4219 795 4268 de
813 4217 876 4268 Seu.
895 4217 941 4278 2⁰,
979 4229 1007 4267 ae
1024 4215 1158 4271 simulat.»
1199 4214 1397 4278 Stnrpltclsatma
1421 4217 1487 4268 baec
1514 4225 1554 4270 est
1573 4231 1625 4282 pc·

294 4304 345 4357 'lde
376 4308 498 4355 constans
519 4306 609 4357 οιεαε,
640 4310 709 4362 quaa
730 4297 816 4349 ειοαιο
831 4296 939 4348 duitor.
978 4294 1088 4345 stantiae
1107 4297 1198 4355 notio,
1218 4307 1377 4359 quamquam
1396 4299 1544 4356 ramutmar
1564 4310 1624 4350 nam

295 4387 360 4438 llrat
378 4391 466 4436 aotam
484 4388 547 4432 tune
564 4377 677 4430 xxxu.
695 4390 777 4429 annos
795 4383 882 4427 natus.
909 4401 938 4416 -
979 4374 1135 4438 plerumque
1154 4373 1269 4426 admixta
1293 4382 1334 4426 cst
1357 4377 1522 4428 constantiae
1544 4379 1624 4441 algal-

295 4461 461 4528 occtdartere]
477 4462 563 4514 Verba
583 4458 678 4511 Dtonts
696 4470 774 4520 supra
793 4457 939 4508 attuttmus.
977 4454 1081 4517 beatio,
1102 4466 1152 4518 cua
1172 4455 1312 4518 automata
1331 4469 1383 4506 non
1401 4458 1508 4520 potitur
1525 4457 1622 4517 solum,

296 4539 938 4602 Glortaacnttdtettpanest’ompetnnr,gor,earn
977 4531 1099 4598 πάσχει,
1134 4532 1181 4584 sed
1208 4537 1286 4585 ettam
1310 4538 1479 4598 perpatitur,
1517 4535 1621 4608 τολμᾷ.

294 4625 366 4678 eoru
377 4628 400 4676 et
414 4621 574 4686 triumphum
587 4618 737 4681 abnegaret,
751 4614 863 4668 ἐννοεῖν
878 4613 940 4667 ἐκέ·
977 4613 1039 4664 Seu.
1060 4613 1110 4674 sp.
1124 4612 1159 4663 '18
1171 4626 1178 4662 ε
1199 4612 1354 4664 Tolerobtlta
1372 4621 1409 4666 est
1420 4615 1504 4665 morbi
1519 4620 1622 4680 patiar·

293 4704 376 4757 λιυεν
388 4698 495 4766 αυτόν,
516 4696 564 4754 ὅτι
579 4694 633 4749 τὸν
645 4692 729 4763 ἤλιον
743 4690 939 4747 ἀνατέλλοντα
975 4694 1034 4746 tta.
1063 4693 1088 4741 st
1111 4693 1296 4756 contempseris
1327 4693 1355 4742 td
1381 4693 1451 4756 good
1479 4701 1623 4748 sats-erasas

294 4784 425 4848 πλείονες
441 4777 464 4849 η’
476 4774 638 4842 δυνάμενον
647 4773 880 4849 προσκυνοῦσιν,
899 4767 939 4835 ὥς
973 4774 1100 4823 minatur.
1137 4771 1233 4823 litet:
1253 4772 1387 4824 Decorato
1403 4775 1483 4824 antor
1498 4775 1622 4839 mottpa—

292 4858 374 4934 αὖιῷ
388 4863 443 4928 μὲν
462 4853 687 4922 αὐξανομένης,
714 4854 891 4921 μειουμένης
906 4851 938 4903 dl
974 4851 1080 4902 turtio.
1104 4849 1194 4904 Dono.
1215 4866 1246 4904 en
1264 4852 1361 4903 liotbto
1380 4852 1413 4905 ad
1432 4853 1494 4917 Agr.
1514 4867 1539 4916 p.
1559 4857 1619 4908 tao.

292 4945 345 4999 καὶ
361 4938 579 5012 μαραινομένης
596 4933 696 5002 ἐκείνῳ
713 4933 764 5000 τῆς
777 4927 937 4996 δυνάμεως.
974 4929 1042 4996 (Non
1061 4929 1194 4982 debebant
1211 4937 1296 4983 umen
1314 4932 1366 4983 buc
1385 4933 1488 4984 trabere
1505 4935 1576 4986 Ana.
1591 4935 1619 4998 8,

292 5017 606 5080 rectractetur.
630 5039 658 5052 -
684 5008 792 5075 οαειαιι]
816 5011 866 5062 btc
885 5011 902 5061 Ι.
918 5012 936 5062 l.
974 5012 1009 5061 t:
1039 5009 1178 5074 multiplici
1199 5013 1346 5075 poenosa,
1376 5016 1451 5064 cutus
1469 5025 1564 5066 sensas
1581 5021 1621 5068 eat

293 5109 321 5157 et
337 5101 400 5154 arc.
417 5099 482 5154 ltatt
499 5097 559 5149 Vol.
578 5093 627 5145 lx.
646 5107 673 5157 p.
691 5093 744 5144 88ι
767 5089 938 5159 Aeculanu-
973 5103 1045 5144 mere
1057 5090 1265 5152 obscoenas.)-
1277 5087 1391 5156 ιιιιαιει]
1405 5091 1457 5145 Ctr·
1472 5093 1547 5148 Suet.
1558 5095 1618 5146 Ttb.

292 5184 417 5253 ζομινου
441 5173 699 5231 nortfulcani
723 5171 858 5245 Τιβερίου
882 5173 937 5226 τοῦ
973 5170 1017 5224 88.
1036 5169 1106 5229 ΡΙυῑ.
1127 5171 1160 5225 de
1173 5171 1236 5225 San.
1249 5171 1341 5226 Praec·
1356 5171 1409 5225 bt:
1422 5167 1554 5228 Ἤκουσα
1574 5177 1619 5230 Tc·
