3734 5917
343 498 406 566 iot
749 496 1095 568 coadunantem
1115 499 1323 567 montitii

344 656 433 727 naid
456 665 566 749 quarn
587 660 721 726 deonma
741 661 826 747 legio
847 680 920 727 eum
940 660 1114 727 vexillariis
1132 660 1349 740 vicesimanis,
1371 669 1407 727 et
1427 660 1613 749 aproximis
1625 682 1686 729 aar·

342 775 487 849 rideres,
511 777 621 841 deoern
641 772 740 839 ferme
762 774 847 840 milis
868 782 1063 841 armatorum
1078 783 1181 853 erant,
1203 795 1274 841 orsu
1289 777 1436 842 omittere
1449 778 1684 843 eanotslionem

343 894 376 953 et
397 886 547 972 oonpredi
576 888 644 952 acie
669 895 770 973 perat.
806 887 979 974 deligitque
1004 888 1112 955 loouaa
1138 886 1214 954 ariis
1234 886 1377 955 faneibns
1398 899 1432 955 et
1450 910 1470 954 a
1489 897 1580 973 tergo
1602 889 1683 957 silva

344 1001 502 1076 alannum,
532 1002 606 1067 satis
634 1002 761 1085 cognito
782 999 862 1066 nibil
881 1000 1020 1069 bostium
1041 1001 1102 1067 nisi
1122 1003 1156 1065 in
1175 1000 1281 1067 bonta
1301 1010 1335 1067 et
1354 1011 1496 1088 aperiam
1516 1002 1684 1085 planitiem

321 1130 430 1190 resse,
462 1112 530 1179 sina
551 1121 639 1179 metu
659 1113 855 1183 insidiarum.
893 1113 991 1199 igitur
1010 1113 1203 1199 legionarius
1223 1113 1372 1202 irsqaem
1393 1114 1575 1191 ordinibus.
1602 1114 1683 1183 levis

344 1226 661 1304 absumendarum,
686 1224 890 1312 conglobatas
911 1248 971 1312 pro
994 1226 1142 1293 eornibus
1161 1249 1261 1314 eques
1281 1228 1390 1294 miiiit.
1413 1231 1683 1295 albritaunonrnr

344 1336 453 1425 copiae
473 1338 589 1427 passim
611 1360 671 1424 per
691 1346 832 1406 catervas
854 1348 885 1405 et
906 1347 1027 1407 turmas
1048 1342 1266 1418 exsultabant,
1290 1347 1404 1428 quanta
1424 1363 1490 1407 non
1510 1341 1588 1407 alias
1600 1340 1685 1408 rnul-

343 1452 463 1531 utam,
498 1459 531 1519 et
550 1454 655 1518 animo
678 1455 756 1519 adeo
778 1451 866 1530 iero,
900 1460 938 1519 nt
958 1454 1109 1538 coniuges
1130 1474 1259 1541 qnoque
1279 1461 1374 1520 testes
1394 1454 1546 1521 riewriae
1571 1476 1682 1521 secam

343 1565 504 1632 traherent
524 1566 733 1654 plaustrisque
754 1566 960 1651 inponerent,
989 1587 1070 1653 quae
1093 1588 1187 1653 super
1208 1575 1383 1633 extremum
1405 1566 1555 1633 ambitum
1577 1566 1683 1655 campi

303 1686 524 1767 oposuerant.
569 1678 631 1764 (35)
661 1678 818 1746 lioudieaa
839 1701 935 1747 ourrn
962 1678 1042 1745 libas
1065 1701 1143 1763 prae
1163 1702 1200 1746 se
1224 1684 1360 1757 rehem,
1393 1688 1428 1747 ot
1448 1700 1607 1769 quamque
1626 1702 1683 1747 na·

343 1793 462 1859 tionem
476 1800 666 1869 accesserat,
688 1792 815 1859 solitum
829 1793 957 1877 quidem
970 1796 1126 1859 Britannis
1137 1792 1329 1860 feminarum
1342 1798 1439 1861 damn
1451 1792 1571 1861 bdlsre
1584 1802 1683 1861 sasn-

344 1902 456 1971 baturs
494 1903 550 1971 sed
572 1912 647 1972 tuno
667 1926 729 1971 non
751 1912 787 1971 ut
807 1906 901 1971 tantis
922 1904 1095 1973 maioribus
1115 1914 1218 1972 orum
1238 1928 1371 1991 regnum
1393 1916 1426 1973 et
1446 1927 1540 1994 opes,
1570 1926 1682 1974 raram

343 2027 380 2084 ut
397 2038 489 2085 unam
505 2037 523 2084 e
537 2018 632 2104 vulgo
653 2016 832 2085 libertatem
853 2020 1019 2097 amissam,
1040 2021 1219 2087 eonieotnm
1239 2018 1426 2087 verberibus
1447 2040 1582 2107 eorpus,
1603 2040 1683 2086 eon·

345 2136 507 2199 beetataur
520 2130 657 2198 filiarum
669 2130 849 2217 pudicitiam
863 2132 985 2198 uleisei.
1008 2152 1048 2199 eo
1061 2142 1228 2219 proventae
1242 2136 1455 2199 Romanorum
1468 2135 1633 2217 cupidines
1644 2140 1683 2199 nt

306 2262 409 2313 sinon
421 2264 574 2330 eorpora,
596 2266 638 2311 ne
653 2255 811 2311 maesiam
826 2244 954 2331 quidem
973 2254 1030 2311 ant
1048 2245 1257 2330 virginitatem
1279 2244 1463 2332 inpollutam
1485 2246 1680 2331 relinquant.

344 2363 456 2425 adesse
483 2367 588 2425 minan
617 2360 696 2425 daos
724 2359 824 2424 iustae
852 2360 1027 2425 uindiciae:
1064 2358 1215 2425 oeeidiase
1242 2358 1401 2443 legionem
1423 2380 1504 2444 quae
1525 2358 1682 2445 praetia·

344 2493 420 2539 ansa
441 2475 497 2553 sii;
519 2479 642 2537 eeteros
664 2475 774 2537 mairia
798 2474 949 2537 ooeultari
971 2480 1025 2537 ant
1045 2470 1153 2557 lugam
1175 2474 1425 2558 circumspicere.
1452 2494 1493 2537 ne
1514 2475 1680 2555 strepitum

344 2589 471 2675 quidem
498 2594 529 2653 ei
559 2584 727 2651 clamorem
757 2594 804 2651 tot
830 2588 971 2664 milium,
1008 2588 1123 2651 nedum
1147 2584 1283 2669 impetus
1305 2593 1339 2651 et
1359 2606 1468 2651 manus
1489 2585 1679 2671 perlaturos.

345 2700 372 2765 si
393 2699 500 2785 copias
523 2708 730 2779 armatorum,
752 2701 779 2763 si
801 2718 909 2763 causas
931 2697 1008 2764 belli
1028 2717 1135 2763 seeum
1157 2702 1393 2785 expenderent,
1415 2696 1603 2764 vincendum
1626 2696 1681 2765 illa

305 2814 411 2880 stacia
432 2813 483 2880 vel
504 2816 679 2880 uadendum
703 2834 783 2878 esse.
807 2812 840 2877 id
853 2811 980 2877 mulieri
1001 2810 1208 2877 destinatum:
1233 2810 1379 2877 viverent
1391 2813 1452 2878 viri
1467 2820 1499 2877 et
1513 2811 1681 2877 servirent.

345 2923 408 3012 (16)
430 2946 470 2993 ue
492 2927 660 2993 Suetonius
682 2928 809 3013 quidem
830 2926 863 2990 iu
885 2933 970 2991 tanto
995 2922 1175 2990 discrimine
1205 2922 1328 2990 silebat.
1365 2943 1555 3011 quamquam
1583 2921 1682 2989 eonfi-

414 3137 439 3186 i.
465 3137 636 3187 oisssimeriis
662 3134 724 3201 (non
748 3138 925 3195 vicesimanis,
954 3142 984 3188 ut
1005 3141 1128 3186 narrator
1147 3135 1218 3197 apud
1237 3132 1462 3198 reiterentu,
1489 3136 1562 3201 quad
1580 3138 1681 3197 raeepn

343 3207 473 3259 Waltber.
494 3207 648 3260 Corraierat
666 3207 812 3260 Acidalius.
841 3232 871 3244 -
892 3208 919 3257 i.
941 3208 1024 3257 niebil
1047 3207 1086 3257 ii.
1111 3230 1144 3241 -
1162 3208 1188 3258 6.
1209 3212 1260 3256 osi.
1280 3208 1324 3258 ii:
1355 3206 1426 3256 adsi.
1447 3207 1477 3256 it.
1508 3233 1537 3245 -
1567 3206 1681 3257 britian-

343 3290 438 3329 nortim
454 3278 492 3329 ii.
521 3304 549 3319 ·-
572 3279 600 3328 7.
620 3278 739 3330 antarbot
757 3280 794 3329 ii.
824 3302 852 3315 —
882 3279 965 3328 sealt.
985 3277 1023 3327 ii.
1045 3298 1074 3313 ·-
1094 3274 1121 3326 9.
1140 3277 1196 3341 inp.
1216 3277 1260 3327 bit
1280 3281 1344 3339 imp.
1361 3277 1393 3328 ii.
1423 3300 1456 3315 ··
1482 3278 1526 3328 io.
1546 3276 1681 3326 boadsaso

343 3350 381 3403 ii.
402 3372 437 3385 ·-
455 3350 499 3399 li.
519 3347 662 3399 tristanno
680 3350 717 3401 iii.
749 3376 778 3387 -
806 3349 877 3400 disin
895 3348 1015 3399 ii.mire
1035 3346 1162 3410 probante
1182 3348 1328 3400 eribero.
1349 3371 1380 3385 -
1400 3347 1444 3397 11.
1463 3352 1624 3398 conradens
1639 3346 1679 3399 ii.

344 3444 376 3459 -
395 3421 438 3473 15.
456 3432 503 3471 nse
520 3420 603 3471 ti-
621 3420 677 3482 inp.
697 3419 740 3471 lii:
759 3422 823 3481 imp.
843 3420 875 3469 it.
898 3444 926 3459 ·-
948 3418 992 3471 id.
1011 3419 1042 3469 ds
1059 3430 1120 3468 eum
1138 3417 1185 3469 tia.
1204 3418 1242 3471 ii.
1264 3444 1293 3459 -
1314 3417 1359 3469 iit.
1378 3418 1492 3469 militans
1506 3417 1681 3473 moenera

343 3490 459 3555 Lipsius.
480 3517 510 3528 -
531 3492 575 3542 io.
596 3491 665 3540 airis
681 3490 719 3544 ii.
742 3515 772 3526 -
790 3491 834 3541 ii.
854 3502 936 3555 quoni
952 3490 999 3552 ii,
1019 3502 1173 3553 puonpaans
1189 3489 1222 3539 B.
1290 3532 1294 3539 .

387 3682 431 3735 ii.
461 3679 646 3745 vicesimanis]
688 3680 779 3733 Laelio
821 3682 994 3733 vicesimanis
1030 3682 1267 3742 ariomanitas
1287 3681 1543 3745 ipsamdeteeerint.
1580 3680 1621 3732 rid
1640 3684 1680 3732 in·

345 3776 505 3829 quamquam
525 3766 649 3814 raritera
670 3762 806 3815 Waitbsra
826 3761 932 3813 deiensa
952 3769 992 3811 ta·
1030 3764 1122 3813 utitem
1152 3762 1290 3813 Puteolani
1325 3764 1502 3814 eoniaetursm
1532 3767 1678 3813 conmissa

345 3845 422 3897 ierari
441 3845 534 3907 nequii
553 3842 632 3901 ideo,
652 3844 723 3905 onai
743 3842 793 3892 hoe
815 3856 840 3893 s.
854 3846 932 3893 unire
953 3854 992 3891 re·
1031 3842 1218 3903 comparabant
1235 3842 1329 3892 florei.
1350 3842 1436 3903 lipoti.
1457 3842 1493 3899 i.
1514 3842 1568 3890 ii:
1595 3849 1680 3891 usias

343 3925 429 3975 lemur
451 3920 483 3973 ad
507 3923 660 3972 emotionem
683 3922 887 3981 hereditatium,
916 3922 994 3972 liber·
1028 3922 1150 3988 popellis.
1179 3942 1206 3955 -
1237 3920 1445 3986 contrectatam]
1476 3922 1618 3979 molanmz
1649 3934 1680 3973 st

344 4007 417 4056 tatis.
438 4027 467 4041 -
488 4004 577 4052 animo
596 4002 661 4053 adso
679 3998 750 4067 saro]
779 4003 830 4051 «iit
847 4005 993 4065 proprietas
1031 4015 1079 4051 usu
1099 4005 1150 4052 iarn
1168 4001 1300 4052 Plautino.
1338 4004 1377 4052 lia
1396 4010 1424 4053 ei
1440 4002 1583 4053 Suetoaias
1600 4000 1679 4052 Dora.

343 4084 483 4135 verborum
507 4088 534 4133 ei
551 4082 699 4143 euphoniae
718 4084 785 4132 ratio
804 4083 899 4133 suadet
925 4082 993 4131 adeo
1030 4083 1065 4130 i:
1085 4085 1251 4132 comnmissis
1268 4082 1411 4132 mulsorum
1427 4083 1564 4132 ιιοιιιιι.
1581 4106 1616 4117 -
1639 4086 1680 4130 ιιι

342 4164 438 4229 [noeis
462 4161 516 4213 rid·
538 4162 636 4225 Synon.
657 4162 713 4212 Lat.
735 4164 757 4210 i.
778 4173 803 4223 p.
823 4162 867 4211 is.
894 4158 943 4211 lil.
965 4176 991 4224 p.
1029 4160 1141 4225 milium]
1162 4163 1253 4214 Fuisse
1273 4166 1343 4212 enirn
1363 4165 1390 4212 ia
1410 4166 1466 4215 sele
1484 4162 1572 4214 hostili
1596 4158 1681 4212 dride-

344 4242 423 4293 soi.»
448 4242 539 4292 boen.
577 4241 647 4293 Sane
674 4242 762 4292 dtiiert
787 4240 899 4293 Neronis
921 4244 994 4305 (nos
1029 4256 1069 4291 κα
1083 4240 1245 4314 μυριάδας,
1266 4242 1293 4291 id
1313 4248 1366 4301 esi,
1386 4250 1492 4293 centnm
1503 4243 1595 4303 ripiati
1609 4242 1679 4290 mitia

344 4324 448 4374 animas
460 4334 538 4383 supra
553 4320 582 4371 C.
597 4320 624 4371 i.
662 4322 713 4371 iiie
733 4327 820 4373 tamen
839 4323 994 4374 sineoiien·
1031 4321 1185 4378 bominum.
1219 4321 1269 4371 ilia
1303 4323 1438 4373 adnotavit
1463 4322 1516 4381 aa,
1543 4323 1570 4370 a.
1601 4321 1678 4370 Lars.

344 4406 419 4456 sinna
446 4400 661 4464 interpretaberis
690 4402 723 4453 ds
745 4401 879 4452 britannis
899 4406 926 4452 st
954 4404 992 4452 tra
1032 4401 1124 4453 Postea
1153 4400 1183 4450 C.
1201 4400 1236 4449 8:
1268 4401 1453 4453 Bovsdooina
1475 4400 1506 4464 ἐς
1532 4405 1609 4466 τρεῖς
1628 4401 1679 4451 sent

343 4482 521 4534 saevientibus
541 4488 568 4531 ιι
587 4486 723 4545 promptae
742 4484 868 4533 victorias
886 4494 994 4544 prorsas
1030 4478 1125 4532 εἴκοσι
1140 4476 1285 4546 μυριάδας
1296 4478 1411 4552 ἀνδρῶν
1428 4476 1560 4544 ἔχουσα·
1579 4480 1680 4532 scilieet

344 4564 431 4613 aeriis.
460 4586 492 4600 -
518 4556 662 4622 plaustris]
688 4560 815 4612 Similiter
832 4562 902 4621 apud
921 4560 994 4611 Cim·
1030 4560 1236 4610 Trinobantibus
1264 4562 1377 4622 altisona
1404 4564 1455 4609 ism
1479 4563 1679 4611 insacietatem

344 4642 423 4703 bros,
459 4644 579 4691 narrante
603 4639 745 4691 Plutarcho
773 4643 799 4689 in
826 4640 911 4691 biario
939 4640 973 4690 ai
984 4654 991 4690 ε
1031 4642 1178 4703 pertractis.
1200 4666 1228 4679 -
1247 4652 1336 4690 asanaa
1352 4636 1547 4703 expanderant]
1575 4638 1677 4692 isium

343 4724 376 4774 al
401 4725 535 4789 γυναῖκες
561 4717 609 4769 a'nl
637 4718 695 4771 τῶν
719 4716 840 4786 ἁμαξῶν
863 4720 994 4786 ⁴trainensi·
1029 4730 1104 4771 suem
1123 4722 1367 4782 interpretationem
1386 4720 1465 4783 pa'on
1482 4718 1601 4786 risis'eltit
1617 4733 1678 4771 oens

343 4816 432 4869 μοιις
449 4796 616 4865 ἐφεστῶσαι
633 4798 704 4863 τούς
725 4798 892 4867 φεύγοντας
910 4798 993 4863 (Cim
1030 4800 1076 4850 sile
1094 4799 1188 4849 irostra
1214 4802 1240 4849 ln
1265 4800 1375 4850 Adnott.
1401 4799 1545 4851 deienders
1569 4806 1679 4851 sanatur

345 4882 454 4933 brorum
473 4876 603 4942 ipsorum)
622 4872 755 4931 ἔκτεινον
773 4879 834 4931 κτλ.
1031 4878 1160 4929 Bornoui.
1182 4904 1214 4916 -
1232 4877 1395 4942 ιιιιιιιιι]
1415 4886 1445 4930 ui
1462 4883 1592 4932 universis
1609 4884 1679 4941 ipsa·

379 4961 423 5011 15.
453 4958 611 5021 feminarum
628 4956 717 5022 dario]
747 4958 800 5009 Gir.
821 4960 883 5024 igr.
904 4960 947 5011 io.
967 4966 995 5011 ei
1030 4970 1089 5010 rum
1108 4961 1192 5019 copiis
1210 4960 1327 5012 solientis
1343 4967 1434 5012 eontra
1458 4961 1561 5012 bostem
1585 4961 1678 5012 ands·

345 5042 389 5092 iii.
426 5041 525 5091 Falsast
545 5038 852 5091 laeuonematetnitaen
871 5043 937 5091 mire
956 5044 995 5091 in·
1030 5041 1091 5093 leun
1111 5040 1219 5091 Doara.
1261 5040 1385 5093 Ceterum
1404 5043 1438 5091 de
1457 5043 1507 5091 lite
1524 5050 1612 5104 pupas
1629 5039 1676 5089 eir·

345 5124 503 5183 terpretatur
530 5118 653 5171 siemiais
671 5118 872 5172 adhortantibus
891 5122 931 5173 rel
952 5134 995 5172 ιι·
1029 5119 1142 5183 Linpard
1169 5118 1261 5170 Garat.
1284 5134 1311 5170 a.
1328 5121 1408 5187 iinpl.
1432 5120 1455 5171 i.
1481 5133 1509 5182 p.
1528 5119 1574 5169 11.
1610 5120 1677 5182 Lap-

345 5199 547 5255 pendentibus.»
561 5223 592 5237 -
606 5194 763 5263 saniarium]
782 5209 834 5253 tan
848 5202 914 5254 maia
927 5202 994 5257 mnt-
1031 5200 1147 5269 penberg
1165 5198 1255 5256 onan
1273 5212 1299 5249 a.
1317 5200 1397 5265 Enpt
1415 5201 1437 5251 i.
1458 5208 1485 5264 p.
1505 5200 1551 5251 is.
