3734 5917
391 523 454 590 ild
796 518 986 587 CORNELII
1005 519 1140 588 usum
1159 521 1366 588 Asuuium

390 682 524 750 multum
537 682 571 746 in
586 679 685 747 νίωιιι
698 680 886 767 disceptato,
907 683 1102 750 Monobazus
1114 679 1292 748 Adiabenus
1306 681 1339 748 iu
1353 677 1437 748 diem
1458 685 1623 764 posterum
1636 677 1740 746 testis

390 797 430 862 iia
450 812 531 882 quae
545 795 736 882 pepigissent
754 795 931 861 adhibetur.
952 795 1133 880 placuitque
1153 793 1283 862 libcrari
1297 795 1422 862 obsidio
1436 793 1592 880 legiones,
1617 801 1652 860 et
1677 795 1742 858 de·

390 903 504 972 aedera
533 923 659 971 omnem
687 903 825 973 militem
846 904 962 972 linibus
989 904 1226 983 Armeniorum,
1260 903 1448 991 oostedaque
1476 913 1508 972 et
1531 913 1738 974 commestus

389 1017 510 1084 Parthis
531 1017 629 1099 tradi3
659 1017 774 1106 quibua
793 1020 982 1106 perpetratis
1003 1018 1096 1105 copis
1116 1019 1266 1105 Vologesi
1286 1016 1377 1088 lieret
1397 1021 1542 1086 mittami
1562 1018 1603 1086 ad
1625 1023 1737 1086 Nero-

364 1151 462 1197 snem
482 1129 613 1217 legatos.
652 1134 726 1212 ’(15)
747 1132 874 1198 interim
890 1130 1014 1198 flumini
1029 1133 1179 1198 Arsaniae
1202 1129 1240 1216 (is
1258 1139 1358 1198 castra
1376 1129 1579 1218 praefluebat)
1594 1141 1734 1216 pontem

388 1245 554 1332 imposuit,
577 1245 681 1332 specie
700 1243 761 1311 sibi
782 1245 859 1312 iliud
873 1248 935 1312 iter
954 1244 1165 1329 expedientis:
1189 1244 1244 1311 sed
1263 1244 1370 1311 Partiri
1390 1244 1479 1330 qnasi
1500 1247 1731 1312 documentum

388 1359 539 1425 sidoniae
552 1360 718 1426 iusserant.
739 1378 874 1446 namque
887 1361 928 1424 iis
947 1360 1018 1426 narsi
1036 1356 1111 1437 suit;
1134 1356 1235 1424 noemi
1253 1378 1314 1441 per
1327 1357 1486 1425 diversum
1500 1357 1580 1425 iere.
1603 1355 1731 1424 addidit

387 1490 499 1538 mmor
519 1475 579 1537 sub
600 1474 709 1557 iugum
730 1474 841 1538 musas
854 1471 994 1556 legiones
1009 1479 1041 1538 et
1054 1470 1115 1536 alia
1130 1489 1171 1536 cx
1185 1473 1280 1538 rebus
1293 1469 1453 1548 infaustis,
1476 1491 1612 1556 quorum
1627 1470 1729 1536 simu·

386 1585 507 1652 lacrum
529 1583 571 1652 ab
594 1585 750 1652 Armeniis
771 1593 954 1671 usurpatum
973 1591 1031 1650 eat.
1065 1604 1200 1670 namquo
1219 1590 1252 1648 et
1272 1584 1466 1651 munimenta
1481 1584 1614 1670 ingressi
1635 1591 1726 1660 sunt,

346 1707 553 1785 naastequam
574 1718 688 1784 agmen
706 1701 883 1765 Romanurn
898 1697 1084 1774 excederet,
1109 1705 1141 1762 et
1154 1697 1384 1763 circumstetere
1400 1695 1484 1774 vias,
1507 1697 1632 1783 captivs
1644 1695 1727 1762 olim

385 1811 541 1899 mancipia
561 1821 616 1878 aut
636 1812 775 1877 iumenta
799 1814 1025 1896 adgnoscentes
1048 1807 1337 1894 abstrahentesque.
1361 1817 1469 1894 raptae
1492 1811 1586 1875 etiam
1607 1817 1724 1884 vestes,

384 1932 506 1992 retenta
528 1946 630 2003 arma,
652 1923 768 2012 maida
789 1924 889 1991 milite
911 1933 944 1990 et
965 1922 1173 1999 concedente,
1196 1943 1237 1988 ne
1259 1942 1321 2008 qua
1343 1921 1454 2009 praelii
1477 1939 1571 1989 musa
1591 1924 1725 1988 exsiste·

384 2047 445 2107 ret.
489 2037 663 2124 Vologeses
681 2037 777 2106 armis
792 2046 826 2104 et
842 2033 1029 2124 corporibus
1048 2057 1214 2104 caesorum
1236 2035 1429 2121 aggregatis,
1452 2056 1516 2122 quo
1529 2035 1648 2102 cladem
1662 2056 1724 2102 no-

385 2161 482 2219 stram
505 2160 688 2229 testantur,
717 2150 994 2236 confugientium
1013 2147 1172 2234 legionum
1194 2147 1354 2215 abstinuit.
1392 2146 1473 2215 ierne
1494 2147 1722 2216 moderationis

346 2289 375 2332 as
383 2268 612 2353 quaerebatur,
635 2274 804 2352 postquam
819 2265 1000 2350 superbiam
1019 2263 1213 2348 expleverat.
1236 2257 1352 2328 ilumen
1374 2260 1537 2328 Arsaniam
1554 2262 1721 2350 elepbmto

382 2378 543 2457 insidens,
579 2381 743 2466 proximus
772 2376 907 2464 quisque
934 2393 1043 2461 regem
1066 2374 1098 2439 vi
1119 2393 1272 2459 equorum
1292 2393 1480 2460 perrupere,
1514 2377 1589 2460 qnia
1607 2393 1720 2440 rumor

382 2495 554 2558 incesserat
570 2500 701 2576 pontem
723 2510 884 2558 cessurum
909 2487 1001 2555 oneri
1021 2485 1094 2554 dolo
1109 2485 1338 2554 fabricantium.
1372 2489 1428 2553 sed
1444 2489 1499 2573 qui
1512 2485 1637 2572 ingredi
1649 2489 1718 2576 ensi

382 2610 470 2684 snut,
493 2605 631 2673 validum
646 2611 678 2670 et
690 2601 787 2670 fidum
802 2601 999 2668 intellexere.
1045 2597 1106 2685 (16)
1131 2607 1269 2666 ceterum
1286 2597 1422 2666 obsessis
1439 2602 1520 2667 adeo
1536 2599 1717 2686 suppedita-

381 2719 465 2788 visse
484 2738 554 2786 rem
578 2716 815 2784 frumentariam
842 2714 982 2782 constitit
1004 2719 1041 2780 ut
1062 2711 1184 2779 horreis
1209 2711 1314 2797 iguem
1340 2711 1512 2792 inicerent,
1545 2723 1716 2801 conosque

451 2892 478 2943 1.
498 2891 642 2953 disceptato
659 2890 698 2942 Μ.
717 2915 742 2926 ··
762 2890 789 2939 i.
808 2889 849 2938 tris
867 2900 916 2952 qua
932 2888 972 2941 Μ.
994 2911 1023 2925 -·
1046 2885 1195 2938 scitabatur
1212 2884 1269 2950 (sic)
1288 2885 1327 2936 Μ.
1349 2909 1378 2924 ·-
1398 2887 1424 2940 t.
1444 2885 1628 2948 orseaisttid,
1645 2885 1714 2938 nuda

382 2961 487 3024 Lipsius
515 2961 661 3014 eitictebstr
694 2959 826 3011 Arsanias
851 2961 945 3010 stratas
966 2959 1004 3012 is.
1035 2963 1171 3018 recepturo
1189 2969 1203 3006 a
1222 2956 1369 3009 Writbero.
1401 2975 1428 2996 κ
1457 2958 1484 3009 o.
1504 2959 1661 3020 reperisses
1675 2957 1714 3008 ii·

382 3032 499 3085 Correxit
525 3031 642 3084 Grotius.
664 3031 729 3083 Cod.
749 3034 904 3091 scripturam
933 3028 1085 3092 praeierunt
1106 3028 1177 3079 iiscb
1195 3033 1222 3090 et
1239 3028 1409 3080 Doederlein.
1431 3051 1463 3065 -
1482 3028 1656 3080 coomaamm
1674 3027 1710 3078 ii.

380 3128 415 3141 -
442 3103 470 3154 ’1.
488 3103 601 3153 uictoria
616 3103 656 3155 Μ.
686 3127 714 3140 -
743 3101 771 3152 8.
790 3095 867 3164 tugis
884 3101 922 3151 Μ.
952 3125 980 3138 -
1002 3098 1235 3158 theoderatam,
1264 3098 1422 3164 sponsali.
1447 3122 1478 3136 -
1503 3097 1712 3164 obstraeataspaa

380 3174 418 3227 it.
449 3199 479 3212 -
507 3171 551 3222 11.
571 3174 645 3223 estat.
665 3172 702 3224 Μ.
730 3195 764 3208 -
785 3170 827 3221 13.
848 3184 966 3221 cesorum
983 3170 1021 3222 Μ.
1043 3195 1072 3207 -
1093 3170 1231 3234 aggeratis
1249 3169 1382 3222 Heinsius.
1402 3170 1515 3232 Recepit
1533 3165 1662 3220 Waltbcr.
1681 3192 1708 3205 -

381 3245 424 3295 15.
443 3241 593 3307 sapiebarct
609 3243 648 3295 Μ.
680 3268 708 3280 -
735 3241 778 3292 18.
798 3240 885 3291 Habet
901 3241 983 3306 pidum
1000 3241 1046 3303 Μ,
1076 3252 1129 3291 non
1152 3241 1257 3306 firmum
1276 3239 1362 3293 Gueii.
1382 3237 1652 3293 Bodi.1es.l’utccl.
1681 3261 1707 3274 -

380 3320 511 3368 coeterum
528 3313 568 3365 Μ.
587 3337 620 3350 -
639 3313 844 3375 soppiditcuisse
860 3312 900 3365 Μ.

414 3469 460 3523 15.
490 3467 639 3528 Arsaniae]
666 3462 790 3517 Arsenirs
814 3465 844 3515 n.
869 3480 884 3518 s
907 3467 1029 3520 titiitenc
1066 3463 1180 3530 aspectat
1198 3469 1225 3516 et
1243 3470 1351 3529 propter
1368 3475 1476 3520 sensnm
1493 3463 1708 3530 blademar-

379 3549 519 3604 meridiem
537 3559 628 3604 renna
646 3558 694 3609 per
706 3545 848 3609 Sophenen
866 3547 893 3597 in
908 3548 1029 3610 Euphra·
1065 3547 1100 3596 tis
1110 3561 1120 3607 ,·
1139 3557 1185 3597 cur
1203 3547 1274 3598 enim
1295 3551 1353 3608 post
1370 3553 1477 3610 pactum
1494 3545 1560 3598 iilud
1581 3547 1711 3610 asperim

382 3628 558 3692 tentabitur,
582 3625 664 3678 hodie
681 3623 775 3677 Arsesa.
793 3625 862 3676 Ptin.
882 3625 1027 3684 5,2t,20.
1064 3626 1126 3676 dom
1145 3625 1250 3677 demum
1269 3623 1377 3688 luisset,
1405 3641 1439 3678 en
1465 3625 1594 3681 decedere
1623 3627 1707 3690 posset

380 3712 412 3772 d,
429 3711 465 3762 m
475 3745 483 3772 ,
501 3710 545 3761 31.
564 3707 614 3758 iiio
633 3707 682 3767 di,
700 3705 753 3756 iic
781 3700 931 3779 ὁΠάρθος
951 3700 1029 3774 olor}-
1065 3707 1171 3758 necne?
1195 3705 1326 3770 siquidem
1345 3710 1433 3760 omnia
1450 3709 1547 3760 itinera
1564 3707 1591 3758 in
1611 3705 1707 3770 cappr-

379 3785 554 3853 κεναύτούς
570 3786 692 3851 (Pratum
711 3797 771 3837 cunr
789 3783 853 3848 suis)
871 3783 1029 3855 προδιομο-
1065 3786 1167 3837 dociam
1194 3798 1280 3849 aeque
1308 3793 1365 3838 tuta
1390 3793 1482 3850 amnt,
1512 3786 1655 3840 dummodo
1678 3797 1706 3837 cr

379 3865 602 3938 λογησάμενος,
631 3863 680 3916 isa
702 3861 757 3918 τὸν
783 3861 920 3930 ποταμὸν
947 3857 1030 3930 αὐτῷ
1065 3865 1116 3918 fide
1135 3865 1204 3918 bons
1222 3873 1312 3930 agerat
1328 3867 1487 3934 Vologeses,
1507 3881 1560 3933 qus
1578 3866 1707 3920 demto·

379 3948 530 4020 Ἀρσανίαν
555 3942 710 4012 tectores·
743 3940 801 4008 onix
826 3939 874 3996 ὅτι
896 3938 1028 4014 γεφύρας
1064 3945 1141 3997 bttsri
1160 3948 1201 3998 sir
1218 3953 1330 4009 poteret.
1348 3971 1380 3985 -
1406 3944 1516 4012 mmor]
1545 3945 1596 4000 Cui
1613 3947 1705 4000 marari

378 4025 472 4081 ἐδεῖτο
491 4023 647 4100 (πεζῇγὰρ
664 4018 1028 4089 αὕτὸνόιεληλυὍειΛοΙΙΙ-
1065 4027 1144 4076 etiarn
1172 4025 1316 4079 Suetonius
1343 4027 1423 4080 tidem
1450 4027 1544 4081 hebuit
1568 4027 1632 4082 Ner.
1658 4027 1704 4079 it:

381 4115 424 4162 cet
441 4102 616 4167 adveniente)
638 4100 700 4156 ἀλλ’
717 4102 767 4154 isa
785 4099 949 4170 ἐνδείξηται
962 4103 1028 4168 σφί-
1063 4106 1210 4170 unamines
1227 4106 1264 4158 cd
1281 4107 1427 4171 Orientem,
1451 4109 1599 4174 legionibus
1616 4111 1645 4160 ta
1660 4106 1706 4157 Ac·

379 4205 443 4253 cca,
471 4183 519 4240 das
544 4184 684 4259 κρείττων
706 4178 808 4234 αὐτῶν
832 4175 888 4250 ἢν,
924 4179 1028 4247 ἀμέλει
1064 4187 1151 4236 πωπω
1176 4187 1225 4238 sab
1250 4188 1344 4252 togam
1367 4190 1454 4240 missia
1478 4200 1607 4256 captaque
1631 4187 1705 4252 sorta

380 4262 450 4320 ccidi
468 4263 537 4319 adra
553 4263 602 4315 διὰ
626 4261 681 4315 τοῦ
699 4258 860 4329 ζεύγματος
879 4255 1027 4334 ἄνεχώρη·
1062 4269 1173 4317 retento.
1186 4289 1218 4306 -
1235 4279 1347 4332 qaorum
1358 4267 1539 4335 simulacrum]
1560 4270 1618 4322 iioc
1631 4269 1703 4321 dicits

380 4362 450 4406 aas,
469 4338 533 4397 ἀλλ’
548 4338 641 4406 αὐτὸς
658 4341 714 4408 μὲν
730 4339 775 4392 ἐπ’
795 4339 971 4404 ἐλέφαντος,
998 4341 1030 4392 οἱ
1065 4359 1110 4397 are
1139 4359 1200 4400 aera
1226 4347 1346 4400 Armenii
1379 4347 1509 4402 eiusmodi
1544 4349 1703 4402 contumetiis

379 4425 411 4479 di
432 4420 517 4477 ἄλλοι
539 4419 636 4494 ὥσπερ
655 4417 690 4473 τὸ
715 4415 869 4492 πρότερον.
914 4419 1028 4482 Propter
1063 4429 1166 4478 nostros
1194 4427 1356 4490 affecerunt,
1384 4440 1453 4494 quse
1471 4441 1525 4482 non
1543 4430 1620 4495 ionga
1638 4427 1704 4480 aiae·

381 4519 461 4571 quem
476 4503 562 4555 iocum
575 4503 681 4564 Lipsius
699 4500 804 4552 solebat
821 4512 904 4565 aeque
922 4502 956 4550 tts
967 4501 1027 4550 usai
1064 4513 1126 4557 runt
1151 4505 1185 4556 ab
1212 4509 1356 4570 ignominis
1389 4509 1507 4563 Caudina
1536 4515 1617 4575 etque
1644 4511 1704 4572 ipsis

379 4585 451 4650 suit,
477 4584 549 4648 quod
574 4587 646 4636 recta
666 4581 764 4634 retntst
780 4581 976 4632 Freinshemius
996 4595 1027 4632 er
1064 4596 1249 4650 propereque
1269 4592 1370 4652 gratnm
1389 4591 1568 4650 spectaculum
1582 4589 1704 4653 prsebue·

379 4676 422 4719 ss.
445 4677 522 4727 seqq.
540 4661 586 4714 aad
602 4663 649 4727 qai
665 4661 770 4725 ingredi
790 4660 850 4709 cassi
873 4666 953 4716 auat,
981 4658 1028 4711 td·
1063 4673 1144 4726 runt,
1162 4677 1192 4717 ec
1208 4663 1353 4721 siPaetum
1370 4669 1421 4721 sub
1439 4673 1530 4735 iugum
1547 4673 1703 4724 misissent·

381 4746 465 4797 dens:
495 4746 648 4806 «practerea
676 4753 737 4793 eum
756 4752 850 4803 magno
867 4739 948 4792 inisse
966 4742 1026 4792 usui
1063 4747 1223 4798 Louaudre:
1251 4747 1287 4800 La
1312 4747 1386 4800 broit
1404 4757 1499 4800 cocant
1517 4755 1642 4802 econtra
1659 4759 1705 4815 que

379 4825 413 4878 sd
444 4824 613 4889 quotidianos
649 4824 775 4873 transitus
807 4824 835 4870 et
863 4828 1025 4873 commastm
1062 4827 1097 4878 ias
1115 4826 1214 4892 itpioas
1231 4829 1338 4881 sociem
1354 4829 1434 4893 posse
1451 4841 1513 4880 scos
1536 4830 1660 4896 taiccq,
1682 4835 1705 4880 at

380 4899 487 4968 a‘iiaqoe
505 4903 573 4955 belia
592 4905 740 4955 necessaris
759 4900 981 4953 transvehendi.»
995 4925 1022 4939 -
1061 4905 1119 4957 snit
1142 4905 1179 4956 ies
1204 4913 1294 4958 cocras
1311 4907 1492 4960 humiliatione
1508 4909 1540 4962 ds
1556 4909 1585 4960 ia
1601 4909 1702 4974 edicite.

380 4981 556 5049 cupediarios]
577 4983 713 5034 sebtentut
737 4983 864 5033 sumentia
883 4981 1026 5033 institorem
1062 4987 1097 5036 tes
1115 4983 1266 5038 dmentem
1291 4993 1376 5053 syorrt
1397 4987 1492 5040 simale
1516 4993 1574 5040 toas
1599 5000 1641 5040 aas
1663 4984 1709 5039 ose'

380 5067 431 5119 sibi
443 5066 499 5119 iore
512 5065 648 5116 decessum
660 5074 708 5125 per
719 5059 791 5112 bunc
804 5066 926 5125 panum,
946 5074 1025 5128 quam
1061 5071 1151 5133 tropas
1168 5074 1219 5119 cet.
1238 5092 1273 5105 -
1294 5067 1457 5135 aggregatis]
1476 5067 1579 5123 lieinsii
1595 5075 1704 5138 aggaro·

381 5149 404 5199 si
413 5144 486 5198 atiud
495 5147 546 5198 iter
557 5143 767 5209 ingrederetur.»
779 5139 952 5194 Disconrentt
964 5143 1025 5195 irnic
1061 5147 1096 5196 tis
1119 5144 1239 5200 Writber
1259 5147 1346 5200 iirmst
1371 5147 1496 5218 exemptis
1514 5149 1547 5214 i,
1566 5147 1617 5203 dic
1647 5161 1705 5202 ossc

381 5228 440 5282 icco
458 5231 485 5278 et
501 5230 609 5291 propter
626 5227 720 5303 miram
737 5224 958 5278 constructionem
975 5225 1027 5278 atti
1050 5218 1172 5282 disiecta
1189 5227 1231 5281 aet
1248 5233 1385 5296 aggesto·
1403 5229 1436 5296 d,
1452 5227 1506 5286 its
1529 5231 1642 5298 etpost
1657 5235 1711 5287 ost
