3734 5917
347 494 411 563 022
722 494 910 560 CORNELII
930 492 1063 561 stessi
1083 492 1288 563 sithtim

350 653 497 722 mirume
518 652 693 741 longinquis
714 652 886 741 provinciis
907 650 991 721 hand
1010 652 1129 732 veniri,
1153 672 1225 723 cum
1245 654 1389 743 pesque
1409 651 1512 741 adapis'
1530 651 1685 723 comia-

351 774 418 834 tum
445 775 478 836 et
507 766 680 833 sacerdotia
711 765 875 835 hortorum
907 765 1012 855 potius
1038 766 1218 835 amoenitati
1245 768 1443 837 inservirent.
1478 769 1565 853 guod
1591 766 1683 835 velut

349 879 447 947 telum
470 881 652 968 corripuere
673 888 881 947 accusatores.
914 877 979 965 (es)
1002 878 1169 949 etiuitiusn
1181 879 1315 949 iaciente
1331 879 1532 957 Cossutiano,
1553 883 1680 947 sedere

349 992 382 1059 ri
402 992 564 1059 Marcellus
587 1013 739 1061 summam
761 1013 828 1059 rem
849 990 1005 1079 publicam
1025 994 1077 1077 egi
1101 991 1295 1073 clamitabat;
1325 993 1520 1061 contsnsraeia
1544 992 1680 1061 inferio-

328 1126 418 1173 srum
439 1104 597 1171 lenitatem
617 1104 822 1192 imperitantis
843 1105 993 1171 deminui.
1030 1104 1161 1173 nimium
1182 1108 1274 1173 mites
1295 1105 1335 1173 ad
1355 1127 1426 1173 eam
1446 1104 1530 1173 diem
1552 1115 1676 1192 patres,

349 1220 403 1305 qui
417 1219 585 1285 Thraseam
602 1220 839 1295 desciscentem,
862 1216 916 1304 qui
931 1238 1081 1302 generum
1100 1220 1169 1283 eius
1182 1218 1361 1285 Helvidium
1374 1219 1515 1287 Priscum
1527 1222 1562 1285 in
1575 1218 1680 1285 iadau

348 1330 528 1407 lusoribus,
552 1331 645 1397 simul
665 1332 834 1399 Paconium
856 1331 1061 1418 Agrippinum
1081 1330 1202 1417 paterni
1216 1331 1249 1399 in
1263 1330 1420 1419 principes
1433 1330 1498 1399 odii
1510 1334 1676 1409 timeon,

349 1452 382 1509 et
397 1444 535 1509 Curtium
549 1447 730 1509 Montanum
752 1446 933 1510 detestanda
949 1445 1086 1509 carmina
1100 1442 1290 1511 factitantem
1305 1446 1434 1512 eludere
1453 1445 1570 1529 inpune
1591 1444 1679 1511 sism-

348 1560 432 1619 rent.
455 1552 616 1641 requirere
630 1574 665 1619 so
678 1555 711 1619 in
725 1561 835 1619 senatu
853 1557 1071 1633 consularem,
1094 1555 1127 1621 in
1147 1561 1229 1623 votis
1250 1560 1462 1635 sacerdotem,
1484 1557 1517 1625 in
1537 1559 1607 1623 iure
1627 1558 1680 1623 in-

313 1670 448 1743 serendo
478 1668 597 1744 civem,
632 1664 694 1731 nisi
720 1676 829 1733 contra
855 1666 994 1735 instituta
1016 1677 1048 1734 et
1067 1669 1275 1736 caerimonias
1302 1672 1458 1737 maiorum
1480 1673 1678 1757 proditorem

350 1782 451 1865 palam
473 1788 504 1847 et
524 1783 645 1845 hostem
667 1784 804 1845 Thrasea
824 1778 988 1847 induisset.
1011 1783 1146 1871 denique
1166 1802 1262 1867 agere
1282 1790 1457 1851 senatorem
1481 1792 1512 1847 et
1527 1785 1679 1868 principis

350 1895 576 1961 obtrectatores
597 1900 763 1980 protegere
784 1894 893 1959 solitus
913 1894 1050 1973 veniret,
1086 1902 1229 1963 censeret
1248 1894 1326 1983 quid
1346 1894 1462 1980 corrigi
1482 1904 1536 1962 ani
1555 1895 1672 1961 mutari

421 2084 447 2135 1.
467 2084 518 2135 sed
536 2086 621 2136 ueniri
638 2084 682 2145 61,
707 2097 738 2137 er
756 2098 809 2149 quo
828 2080 963 2136 hctdsitus
982 2090 1009 2137 et
1026 2084 1185 2138 Doederlein
1205 2089 1384 2137 coniectarunt
1405 2088 1476 2137 houd
1493 2088 1621 2137 cdoeeira‘.
1643 2110 1674 2125 -·

350 2156 377 2207 6
397 2166 482 2207 ornam
502 2156 540 2207 it.
569 2178 599 2193 ··
628 2154 655 2206 6.
675 2157 823 2217 corripuere
849 2154 892 2212 it,
921 2155 1009 2207 iisd:
1039 2159 1180 2219 οττφνοττ
1199 2169 1258 2209 eom
1277 2159 1370 2209 ceteris
1396 2158 1480 2209 codd.
1499 2165 1579 2220 atone
1603 2156 1677 2208 de.

352 2226 465 2291 (praeter
477 2226 619 2286 itachium,
633 2226 717 2279 Doed.
737 2222 853 2288 liceto.)
873 2224 904 2275 B.
925 2251 953 2263 -
973 2225 1060 2277 motor
1077 2230 1138 2277 osui
1155 2228 1193 2279 si.
1223 2252 1251 2267 -
1271 2227 1298 2277 d.
1318 2222 1389 2293 rip.
1408 2228 1446 2279 hi.
1465 2229 1534 2279 Ante
1545 2228 1677 2293 tipeisisssn

309 2296 311 2301 ’
352 2296 466 2349 edebant
482 2297 523 2346 ssi
538 2296 666 2361 publicos.
688 2319 718 2333 -
737 2296 763 2347 6.
782 2296 878 2347 hisdem
895 2294 933 2349 lii.
955 2324 985 2336 -
1004 2296 1033 2347 T.
1052 2298 1191 2363 rogerium
1208 2296 1247 2351 tt.
1266 2298 1319 2351 cir.
1341 2296 1371 2350 C.
1389 2298 1433 2350 88.
1453 2321 1486 2335 -
1503 2297 1530 2350 8.
1548 2300 1603 2362 trsp.
1629 2298 1680 2350 it:

351 2369 414 2431 s'ssp.
433 2368 465 2417 B.

353 2536 409 2597 gata
427 2531 489 2582 teci.
501 2532 664 2581 verterentur
678 2526 997 2592 minime'reprehcnden·
1032 2546 1124 2596 μασιν
1142 2528 1296 2602 ἐντραφεὶς
1314 2534 1364 2585 scot
1382 2532 1437 2599 τὴν
1460 2530 1514 2584 τοῦ
1538 2530 1676 2604 &posteo

353 2611 403 2673 da,
414 2616 500 2664 tameo
516 2622 620 2660 causam
634 2606 731 2660 nuliain
743 2610 817 2673 ridi,
837 2622 883 2663 cur
893 2623 909 2661 a
921 2609 994 2662 Med.
1033 2605 1201 2683 ταῤῥησίαν
1215 2608 1252 2663 ori
1265 2608 1322 2663 σὺν
1333 2610 1428 2683 καιρῷ
1439 2599 1632 2678 superipcvog.
1642 2635 1678 2647 -

355 2692 465 2744 abirem.
498 2688 604 2741 Scilicet
630 2688 680 2741 hoc
709 2690 790 2741 dicit:
828 2699 996 2742 «senatorum
1034 2690 1176 2739 Paconium
1192 2688 1385 2756 Agrippinum]
1411 2690 1618 2754 Distinguendns
1636 2696 1679 2741 est

356 2772 473 2833 exemplo
496 2773 598 2833 edutos
616 2767 708 2834 (penes
726 2784 792 2834 quos
810 2768 918 2835 iudicia)
933 2777 997 2821 iam
1034 2769 1239 2821 ahi.1’aeonio
1259 2771 1343 2834 legato
1367 2778 1394 2821 et
1416 2778 1565 2823 accusatore
1592 2770 1676 2821 Silani

354 2865 432 2915 quam
460 2852 529 2902 iusta
556 2853 723 2901 excusatione
742 2849 833 2909 struit,
866 2864 918 2913 quo
938 2863 996 2901 sese
1034 2847 1069 2908 3,
1086 2848 1130 2899 cr.
1152 2850 1203 2900 iiic
1220 2851 1262 2901 iile
1282 2850 1441 2915 Agrippinas
1459 2850 1676 2908 estotcadomo,

353 2933 403 2995 tpst
431 2944 539 2995 guoque
567 2932 691 2995 segnitiae
720 2928 875 2982 dederent.»
912 2930 996 2981 Etiam
1034 2927 1156 2979 laudatus
1173 2930 1294 2992 Epicteto
1314 2931 1480 2981 etheriano.
1500 2931 1586 2993 Epist.
1604 2929 1677 2992 spes

353 3010 425 3061 Bach
454 3016 481 3061 et
515 3010 641 3062 iiuebner
675 3009 823 3070 praetulere
849 3014 997 3061 uteresstssr.
1034 3007 1110 3059 Stoh.
1130 3009 1220 3069 ’1,17.
1241 3009 1337 3074 (Epist.
1351 3009 1507 3072 Fregerat.
1528 3012 1577 3061 lid.
1590 3011 1676 3062 Paris.

354 3088 520 3152 Compararit
531 3091 574 3141 iiie
587 3090 648 3153 hgr.
663 3089 714 3139 18:
735 3103 794 3139 euos
811 3088 881 3139 uelut
899 3091 999 3139 oreiam
1035 3100 1061 3149 p.
1081 3085 1156 3153 Thi:
1175 3086 1230 3141 Asci
1248 3088 1337 3141 τοῦτο
1359 3087 1488 3141 ἐπαινεῖν
1499 3084 1678 3163 Hypanim

353 3172 515 3234 expeditione
536 3170 573 3221 od
589 3171 783 3223 securitatem·
801 3194 812 3207 ·
831 3169 867 3221 od
885 3169 997 3219 occario
1034 3164 1164 3230 director,
1182 3163 1231 3219 ὅτι
1248 3167 1385 3219 πλείστου
1401 3161 1485 3231 ἄξιος
1501 3163 1578 3239 ἀνὴρ
1595 3164 1679 3236 γενό-

352 3264 410 3301 aem
436 3253 579 3301 uterentur.
610 3248 678 3299 lhld.
711 3248 795 3301 inire:
824 3249 999 3311 prosperitate
1033 3261 1140 3310 μενος,
1168 3241 1354 3298 οὐδεπώποτε
1380 3243 1523 3317 ἐπῄνεσεν
1548 3244 1676 3300 ἑαυτόν·

354 3344 442 3383 rerum
459 3331 488 3379 iss
505 3331 651 3380 condatem
667 3341 738 3378 usos.
760 3354 788 3365 -
815 3328 886 3377 houd
901 3323 996 3389 ueniri]
1034 3320 1095 3377 riti·
1106 3327 1133 3377 ci
1147 3328 1196 3377 scot
1210 3320 1298 3389 ἄλλος
1308 3341 1352 3389 τις
1368 3321 1464 3377 αὐτὸν
1477 3324 1591 3399 ἐπῄνει,
1609 3322 1679 3395 ἤρο-

354 3413 382 3461 in
402 3415 531 3461 senatum.
551 3407 605 3459 Cir.
620 3406 669 3467 16,
683 3406 728 3455 2³.
765 3406 921 3458 Coniectura
936 3418 998 3458 rere
1034 3402 1114 3475 ipio.
1127 3397 1221 3469 Οὗτος
1233 3403 1269 3465 d',
1282 3398 1362 3470 ἔφη,
1377 3400 1395 3457 ὁ
1408 3397 1485 3475 ἀνὴρ
1496 3405 1631 3468 τοιοῦτος
1639 3399 1678 3471 ἢν

354 3489 426 3540 houd
444 3488 562 3539 advestiri
579 3488 641 3538 ideo
660 3485 764 3549 probari
785 3488 894 3549 nequit,
927 3484 998 3549 quod
1035 3481 1108 3535 ὥστε
1119 3482 1173 3535 τοῦ
1182 3485 1398 3549 συμβαίνοντος
1409 3482 1456 3535 dei
1465 3483 1561 3552 ἑαυτῷ
1571 3481 1678 3537 δυσκό-

353 3569 426 3621 lsoud
443 3570 532 3618 uenire
550 3566 689 3619 setunuste
709 3571 767 3625 est,
788 3565 859 3615 houd
876 3566 999 3615 aduenire
1035 3560 1088 3613 too
1107 3557 1228 3615 ἔπαινον
1245 3559 1388 3632 γράφειν’
1412 3564 1440 3614 ci
1453 3562 1508 3629 μὲν
1523 3566 1675 3633 supensos,

355 3660 462 3701 casuum
487 3660 519 3700 ac
537 3648 713 3709 perlectorum
737 3650 806 3697 terra
825 3647 942 3706 marique
960 3645 999 3693 in·
1035 3641 1181 3713 πυρετοῦ·
1208 3644 1236 3692 ei
1258 3636 1420 3704 δ’ᾰόοξοῐ.
1438 3635 1569 3706 ἀδοξίας·
1596 3643 1623 3694 si
1645 3642 1676 3693 di

355 3730 490 3786 stantium.
505 3754 535 3765 -
556 3722 722 3788 tmerotresst]
736 3735 825 3775 curam
838 3736 999 3786 operamque
1034 3717 1144 3786 φύγοι.
1163 3720 1270 3788 φυγῆς.
1297 3721 1401 3771 hrrisn.
1415 3722 1449 3781 1,
1463 3722 1497 3779 1,
1511 3721 1561 3771 26τ
1580 3718 1677 3788 11qu-

295 3842 299 3851 -
356 3810 442 3873 potius
469 3808 654 3868 impenderent
689 3818 768 3868 ouem
799 3806 837 3856 ret
868 3802 998 3864 publicae.
1036 3798 1123 3865 petes
1147 3796 1242 3868 ου’τῷ,
1269 3795 1318 3852 ὅτι
1337 3800 1430 3872 Κνίνῃ
1452 3798 1483 3851 ἐν
1499 3796 1675 3868 ὀνμλήτῳ·

355 3890 424 3941 lton.
445 3912 478 3923 —
504 3882 671 3948 corripuere]
699 3884 750 3935 llic
769 3896 875 3948 quoque
895 3883 1000 3933 Tacitus
1035 3874 1138 3951 liyoshpi
1158 3876 1244 3951 τύχῃ.
1284 3874 1363 3931 Ἀλλὰ
1393 3870 1483 3944 ἦλθεν
1513 3875 1533 3946 ἡ
1561 3880 1676 3946 πέμπτη

356 3968 475 4021 meminit
493 3965 590 4029 Virgilii
617 3968 669 4015 sul.
705 3964 773 4015 hen.
801 3964 834 4017 1,
854 3961 923 4011 1⁸72
954 3973 1001 4010 or·
1036 3953 1141 4030 (ταύτῃ
1161 3958 1186 4009 d'
1200 3954 1298 4009 esoces
1316 3956 1544 4024 γυμνασάμενος
1562 3967 1677 4029 sponpo-

356 4061 463 4114 compos
480 4059 561 4096 mauu
580 4046 718 4109 celeresque
729 4044 843 4107 sogittos
857 4041 999 4103 Corripuit,
1036 4036 1179 4101 tousctal·
1198 4032 1370 4101 ἀπέλθωμεν
1389 4038 1438 4087 not
1451 4036 1674 4103 γυμναοδῶμεν.

356 4128 384 4179 id
411 4132 467 4187 est,
496 4125 647 4177 oceierrtme
671 4125 809 4185 arripuit.»
847 4120 894 4171 Est
917 4132 998 4180 ergo:
1036 4116 1256 4183 Γυμνασαμένφ
1267 4114 1344 4181 λέγει
1355 4129 1398 4179 τις
1411 4110 1571 4182 αὕτῷ.ὅττ
1582 4115 1676 4167 Κατα-

359 4206 737 4268 eomnesprompttssimenna
754 4204 916 4263 arripuere.»
938 4197 1001 4249 vut-
1036 4200 1177 4266 κέκρτονν.
1220 4194 1318 4262 Φογῇ,
1355 4195 1467 4259 φησίν,
1496 4190 1675 4262 ἧθανάτῳ,·

358 4290 446 4352 gastus
463 4284 570 4337 serirum
589 4283 650 4333 citor
669 4282 849 4344 praetulerunt
860 4282 1000 4341 scriptores
1036 4275 1127 4346 Φνγῇ.
1147 4272 1190 4327 Τὰ
1201 4268 1372 4344 ὑπάρχοντα
1390 4274 1436 4328 τι.Ι
1456 4266 1518 4325 Osis
1528 4269 1672 4344 ἀφῃρέθη.

358 4367 483 4421 Codicum
502 4364 696 4427 pseudoorttici.
1036 4355 1088 4417 Ele
1103 4350 1241 4425 Ἅρὶκθίαν
1256 4344 1312 4404 ⁰13⁹
1330 4344 1505 4415 ἀπελθόντες
1516 4347 1676 4422 ἆθωῑῆθω·

1036 4450 1099 4499 μεν.
1135 4433 1189 4485 Sed
1216 4444 1263 4482 cor
1288 4431 1425 4481 litareeitus
1446 4433 1553 4493 putcrsa'
1577 4431 1631 4481 odii
1647 4431 1676 4481 s'ss

394 4526 438 4577 68.
466 4519 596 4587 destrui]
626 4522 773 4574 necessario
792 4532 823 4571 eo
842 4517 944 4581 redigt,
972 4520 1002 4566 ot
1034 4515 1166 4577 mtadpes
1176 4513 1292 4563 sonem
1301 4513 1473 4573 agrippinum
1486 4511 1675 4561 calumniaturi

358 4605 536 4670 asperioribus
554 4602 676 4655 remediis
695 4600 800 4653 tandem
817 4598 945 4649 utendum
957 4598 1000 4646 sti.
1038 4591 1278 4644 Eruoesuetonii
1296 4590 1356 4639 Tth.
1375 4590 1427 4640 dir
1458 4590 1602 4641 Δοοοῑῑοντ
1621 4591 1677 4640 sais

362 4712 391 4725 -
412 4684 563 4737 Heluidium
577 4677 710 4743 Priscum]
732 4680 783 4737 ti,
796 4678 840 4731 ts.
854 4690 885 4729 ac
897 4678 1002 4737 saepius
1036 4674 1079 4723 os'r
1096 4671 1239 4723 wmiors's
1255 4670 1383 4729 inseruit,
1401 4667 1531 4733 [recusent
1546 4670 1677 4735 quondm

360 4774 520 4819 memoratur
542 4780 559 4815 a
577 4762 686 4823 Tacito,
715 4766 745 4813 ut
767 4763 806 4812 rtr
832 4765 859 4810 et
890 4758 1002 4809 disertus
1038 4752 1175 4811 ceeoios'o,
1203 4750 1245 4800 eoi
1262 4755 1287 4799 et
1304 4751 1358 4811 s'pse
1375 4748 1506 4813 moeret,
1531 4752 1676 4812 turmogo-

360 4846 439 4911 (liiel.
458 4844 497 4908 5.)
518 4850 544 4896 et
561 4844 681 4894 omnihus
700 4838 838 4893 virtutihus
856 4838 1000 4899 praeditus.
1038 4839 1094 4883 sum
1111 4844 1169 4881 eum
1187 4828 1272 4879 subdo
1290 4832 1314 4876 ct
1330 4827 1399 4877 ciere
1423 4827 1573 4891 aquodam
1594 4840 1674 4889 nuno,

360 4930 501 4981 Accusavit
518 4932 607 4987 postea
620 4922 774 4977 Marcellum
792 4921 911 4982 Eprium.
932 4918 1001 4969 illst.
1038 4912 1158 4962 odstome
1174 4920 1276 4959 messos
1293 4907 1362 4957 iuter
1378 4918 1501 4970 copreos,
1531 4921 1577 4959 csss
1595 4909 1674 4959 reee-

361 5008 441 5066 4,6.
459 5006 504 5057 cs.
528 5005 595 5056 Ptin.
611 5000 780 5066 itpp.ti,1t.
799 5000 889 5057 ’1,16.
910 4996 1001 5058 tt,1o.
1038 4992 1116 5051 nias,
1151 4989 1296 5039 maiestatis
1321 4999 1397 5044 reos,
1429 4988 1531 5037 tossediss
1561 4989 1676 5049 cicestr

364 5086 416 5139 llic
434 5087 484 5146 oe,
504 5086 556 5135 12:
587 5081 716 5151 Πρίσκος
731 5073 925 5141 Ἐλουΐδιοςὸ
948 5073 1001 5129 τοῦ
1038 5072 1127 5122 stotim
1144 5070 1246 5135 guidem
1261 5066 1438 5131 petulorsts'om
1460 5066 1568 5131 iisspssos
1590 5068 1677 5119 odiar·

367 5164 502 5239 Opaodou
518 5160 652 5235 γαμβρὸς
667 5163 728 5223 τοῖς
739 5172 770 5213 cs
783 5157 922 5220 Στωϊκοῖς
937 5152 1004 5223 δόγ-
1039 5164 1135 5219 pout,
1152 5155 1264 5203 ceterum
1278 5152 1341 5215 post
1355 5158 1455 5211 poscor
1472 5146 1527 5202 dies
1542 5148 1677 5212 sogum
