3734 5917
317 492 378 559 itit
403 507 406 513 '
701 488 892 557 CORNELII
911 486 1048 555 rtem
1068 488 1275 556 cunstitui

315 660 377 731 rat,
400 651 570 731 contrahit,
593 647 840 737 magnitudinem
860 648 1061 736 imperatoris
1082 648 1252 715 identidem
1272 651 1439 736 ingerens,
1462 657 1494 717 et
1506 670 1577 717 rem
1592 670 1652 738 pu·

314 765 429 835 blicam
444 764 539 834 armis
553 767 617 853 peti
623 788 633 847 ;
657 764 805 851 ducitque
826 762 962 831 subdam
984 785 1110 830 manum
1133 770 1165 829 et
1185 762 1307 851 proelio
1327 771 1480 850 paratam.
1506 762 1567 849 (80)
1591 783 1651 831 nec

115 925 158 951 a...
178 880 404 977 ....r7u..sPiso,
426 901 616 967 quamquam
637 886 749 967 coepta
769 898 859 945 secus
881 875 1051 956 cadebant,
1079 874 1185 944 omisit
1204 879 1360 943 tutissima
1380 899 1399 943 e
1420 874 1649 964 praesentibus,

269 992 287 1011 ‘³'
314 996 370 1059 sed
392 992 553 1060 castellum
576 991 701 1059 Ciliciae
722 992 877 1060 munitum
899 988 1086 1068 admodum,
1107 993 1159 1057 cui
1172 1011 1289 1060 nomen
1304 990 1484 1070 Celendris,
1508 999 1651 1079 occupat.

292 1126 387 1173 snam
409 1105 555 1173 admixtis
577 1104 792 1173 desertoribus
814 1112 846 1171 ct
865 1105 969 1171 tirone
990 1126 1094 1191 nuper
1112 1104 1287 1191 intercepto
1301 1104 1429 1193 suisque
1442 1111 1475 1171 et
1487 1105 1652 1173 Plancinae

315 1218 467 1297 servitiis,
503 1220 621 1285 auxilia
649 1218 796 1297 Cilicum,
832 1240 913 1305 quae
940 1218 1042 1305 repuli
1070 1200 1235 1297 miserant,
1271 1221 1306 1285 in
1330 1240 1497 1287 nnmerum
1517 1220 1652 1307 legionis

315 1340 548 1417 composuerat.
593 1332 797 1419 Caesarisque
819 1334 1015 1417 relegatum
1035 1336 1206 1399 testabatur
1226 1332 1406 1416 provincia,
1429 1354 1525 1421 quam
1545 1333 1573 1399 is
1597 1320 1653 1399 dess

315 1450 429 1524 disset,
452 1448 553 1513 arceri
573 1466 638 1513 non
659 1469 677 1512 a
699 1444 877 1530 legionibus
900 1445 1019 1531 (earum
1042 1446 1158 1535 quippe
1178 1448 1281 1513 accitu
1295 1445 1414 1532 venire)
1436 1450 1493 1513 sed
1507 1468 1527 1513 a
1542 1448 1650 1513 Sentio

313 1564 470 1648 privatum
491 1562 600 1627 odium
619 1558 707 1627 falsis
728 1558 911 1627 criminibus
925 1568 1065 1645 tepente.
1088 1562 1293 1626 consisterent
1306 1546 1338 1627 in
1353 1564 1433 1638 acie,
1456 1581 1521 1626 non
1533 1580 1652 1647 pugna-

277 1677 396 1749 esteris
416 1671 585 1752 militibus,
615 1675 671 1740 ubi
693 1674 840 1739 Pisonem
861 1676 901 1739 ab
922 1675 1000 1760 ipsis
1021 1682 1184 1761 parentem
1207 1673 1366 1760 quondam
1386 1674 1593 1762 appellatum,
1624 1672 1652 1739 si

313 1789 383 1856 iure
406 1796 572 1873 ageretur,
606 1785 780 1874 potiorem,
813 1786 841 1853 si
867 1788 980 1864 ermis,
1013 1807 1078 1853 non
1106 1786 1275 1854 invalidum
1303 1787 1467 1856 vidissent.
1504 1796 1571 1854 tum
1592 1806 1652 1874 pro

313 1900 519 1969 munimentis
541 1900 659 1967 castelli
680 1898 857 1986 manipulos
879 1900 1030 1987 explieat,
1052 1898 1132 1966 colle
1153 1903 1253 1969 arduo
1275 1907 1308 1967 et
1328 1898 1481 1987 derupto;
1504 1921 1576 1966 nam
1601 1922 1653 1965 oe·

315 2023 384 2082 tera
405 2014 486 2082 mari
507 2014 684 2101 cinguntur.
709 2021 817 2081 contra
837 2012 980 2080 veterani
1002 2015 1166 2080 ordinibus
1188 2034 1225 2080 ae
1246 2011 1393 2079 subsidiis
1414 2016 1557 2081 instructi
1577 2014 1653 2080 binc

315 2129 465 2204 militum,
498 2130 573 2195 inde
600 2126 744 2194 locorum
772 2128 941 2213 asperitas:
979 2128 1119 2193 sednon
1142 2130 1282 2204 animus,
1315 2148 1381 2193 non
1402 2146 1491 2212 spes,
1527 2146 1568 2193 ne
1588 2128 1652 2193 tela

278 2241 443 2331 sequidem
464 2241 527 2308 nisi
547 2242 698 2327 agrestia,
731 2242 771 2305 ad
793 2237 932 2307 subitum
954 2259 1046 2307 usum
1067 2248 1246 2327 properata.
1281 2246 1317 2305 ut
1336 2260 1453 2308 venere
1475 2242 1509 2307 iu
1529 2260 1650 2317 manus,

367 2417 396 2468 8.
413 2415 513 2481 praeite
540 2414 584 2465 ni:
613 2413 718 2477 prestio
742 2412 773 2463 it.
794 2438 826 2450 -
845 2410 872 2461 a.
891 2411 961 2476 {ecus
980 2415 1020 2466 ii.
1042 2439 1071 2452 -
1102 2415 1258 2465 ιιιιιιιιίιιιι
1274 2414 1312 2465 11.
1338 2438 1372 2451 --
1399 2412 1427 2463 d.
1455 2412 1586 2466 almam
1603 2413 1651 2475 ii,

316 2493 348 2541 ut
370 2494 410 2540 est
435 2486 505 2548 apud
530 2484 672 2546 losephum
698 2483 750 2544 i'l,
779 2481 805 2534 5.
835 2481 931 2534 Contra
956 2484 1027 2546 apud
1052 2484 1139 2536 strab.
1165 2485 1209 2539 it.
1231 2498 1256 2546 p.
1275 2484 1337 2535 oro.
1357 2491 1398 2536 est
1415 2484 1562 2537 Celenderis
1579 2490 1606 2537 et
1623 2485 1653 2534 ln

316 2572 424 2611 nummo
442 2558 512 2618 apud
532 2555 645 2607 Peilcriu
670 2554 749 2605 Asiae
766 2553 833 2605 st.
851 2553 897 2605 73.
917 2554 1185 2607 ΚΕΛΕΝΔΕΡΙΤων
1202 2555 1339 2615 beroaldi,
1359 2555 1458 2616 Lipsii,
1476 2556 1599 2609 bellari.
1619 2580 1653 2593 -

315 2630 344 2682 ’1.
362 2628 528 2694 prouinciam
540 2626 579 2676 ti.
600 2625 718 2677 Correxit
736 2623 881 2675 Beroaldus
901 2638 1017 2677 errorent
1036 2631 1122 2675 ortum
1141 2639 1247 2690 exseq.
1267 2640 1362 2689 qoem,
1382 2626 1476 2678 trustra
1490 2627 1652 2679 deleusums

315 2699 515 2751 Doederielnio.
530 2722 559 2735 -
580 2696 668 2747 flabat
686 2698 802 2759 quomis
819 2694 862 2752 iti,
882 2708 937 2746 uon
955 2697 1079 2759 quumvis
1095 2696 1225 2747 ilerealdi.
1248 2722 1276 2735 -
1297 2698 1323 2748 o.
1342 2698 1470 2748 calceii.
1491 2721 1522 2734 -
1541 2697 1584 2748 15.
1606 2692 1652 2760 asi]

317 2772 414 2825 cotti.
435 2768 555 2821 Correxit
567 2765 722 2819 Beroaldus.
742 2766 799 2829 (out
817 2764 932 2818 subitam
948 2768 978 2817 les
997 2779 1073 2817 mom
1091 2770 1240 2829 suspicatur
1256 2765 1440 2832 Doederlein.)
1459 2791 1489 2805 -
1507 2769 1595 2820 ventre
1612 2767 1652 2821 it.

316 2926 405 2980 Brun.
427 2951 457 2963 -
487 2922 696 2988 moqnttadlaem
712 2916 889 2984 imperatoris]
908 2920 968 2972 Ple·
1005 2920 1115 2973 Cilicum
1139 2934 1220 2973 unam
1246 2925 1321 2985 qussi
1340 2921 1532 2988 legionenses
1550 2920 1653 2972 milium

318 3012 395 3072 rique
426 3005 574 3069 explicant:
613 3006 800 3055 «maiestatem
826 3003 968 3065 principis,
1005 3004 1109 3052 circiter
1134 3002 1270 3052 bominum
1298 3004 1464 3064 composuit,
1492 3003 1562 3052 inter
1586 3012 1653 3065 quos

318 3100 387 3151 quse
407 3098 454 3149 per
474 3084 659 3143 arbitrarium,
688 3086 769 3134 immo
798 3084 967 3134 temerarium
1006 3089 1093 3133 umen
1114 3082 1189 3133 multi
1209 3082 1436 3144 partlmbarbarl,
1458 3083 1551 3143 partlm
1571 3083 1652 3132 sarri.

316 3166 421 3219 Pisonis
441 3167 575 3226 inceptum
600 3162 807 3225 periclitaretur,
838 3168 967 3225 tantoque
1006 3160 1097 3213 Simile
1122 3169 1162 3212 cst
1186 3163 1250 3214 iliud
1276 3161 1403 3215 Catilinae
1428 3161 1500 3224 apud
1519 3160 1572 3212 Sal.
1593 3161 1652 3212 Cat.

316 3248 398 3310 magis
423 3247 503 3309 igitur
524 3242 705 3293 obsistendum
724 3256 781 3294 essa
799 3241 904 3294 Pisonis
922 3252 970 3292 au·
1006 3239 1059 3291 bd:
1090 3241 1163 3293 breot
1184 3244 1273 3305 spello
1297 3242 1411 3307 leplonss
1435 3239 1520 3304 (duas)
1543 3254 1654 3291 ιιιιιιιιο

318 3327 437 3378 daciae.»
475 3321 573 3373 Contra
589 3322 788 3373 Freinshemius
807 3327 834 3373 et
851 3321 970 3372 Doedar·
1006 3320 1139 3371 bominem
1172 3324 1332 3385 sepieomct.
1361 3345 1395 3357 -
1431 3322 1486 3371 sstst
1515 3316 1652 3387 sprauto]
1673 3315 1695 3375 j..
1716 3316 1775 3355 ·····‘

318 3407 371 3458 lein
389 3400 755 3467 accipluntdeCermanico,
777 3402 889 3451 maxima
909 3412 968 3462 pro·
1006 3411 1112 3461 prorsus
1130 3407 1160 3451 ut
1177 3401 1322 3452 Catiliussti
1341 3400 1378 3451 ilii
1407 3398 1513 3464 (ibid.)t
1547 3392 1654 3451 ctrctm
1687 3393 1735 3439 ‘²'ss
1768 3426 1773 3431 .

317 3492 378 3552 pter
404 3483 434 3535 C.
459 3481 523 3541 ia..
559 3475 606 3531 ubl
631 3479 789 3544 moestitudo
817 3479 967 3532 Germanici
1004 3493 1070 3544 pers
1083 3486 1182 3544 quarta
1199 3489 1258 3532 erat
1274 3480 1434 3531 militaribus
1451 3481 1534 3531 omis
1553 3482 1654 3530 ιιιιιιιι·

317 3566 410 3618 itidem
430 3562 617 3626 praedicatur,
638 3566 670 3615 et,
682 3560 714 3621 s,
729 3560 772 3609 iit.
786 3571 818 3610 ac
830 3559 893 3618 ii..
921 3559 969 3608 uiri
1005 3564 1068 3619 mo,-
1086 3561 1181 3619 estem,
1204 3564 1235 3611 ast
1252 3572 1376 3623 quaeqae
1394 3572 1472 3610 cosas
1489 3564 1652 3618 armaverat,

316 3660 380 3699 sane
407 3642 580 3707 imperotores
598 3642 706 3691 nomine
725 3638 901 3690 Germanicus
930 3641 970 3690 ln·
1005 3652 1100 3703 aporos
1117 3644 1166 3689 esst
1182 3640 1306 3693 lancem,
1334 3640 1384 3689 otti
1398 3646 1560 3701 praecatas
1576 3638 1655 3690 sudes

316 3727 458 3789 teittpttur,
478 3734 531 3773 nou
544 3721 680 3773 Tiberius.
717 3719 807 3783 itque
825 3720 876 3770 hoe
895 3732 970 3781 prae·
1004 3720 1161 3784 portabant.
1191 3746 1220 3758 -
1252 3716 1416 3783 ἀιιιιαιιιιιι]
1446 3725 1535 3770 utrum
1554 3719 1654 3771 diutim

316 3806 374 3857 lero
401 3816 462 3857 cunr
487 3808 595 3866 propter
618 3816 659 3853 rr.
685 3812 800 3866 quosque
818 3799 970 3851 cenantes
1006 3802 1177 3861 resisterent,
1196 3814 1228 3852 an
1242 3799 1329 3863 lupam
1341 3804 1476 3862 caperent.
1496 3799 1562 3851 Slus
1574 3812 1653 3851 cauas

314 3895 456 3941 artemorss,
489 3888 545 3933 tum
572 3886 680 3945 propter
701 3893 727 3932 r·
747 3880 966 3947 mcqrsttudinem.
1006 3878 1143 3942 Wopkens
1156 3880 1443 3932 malebatds'ms'cotssos.
1457 3881 1655 3943 -s'sscsqunm

316 3967 344 4017 81
373 3965 406 4017 dc
429 3964 536 4016 'tiberio
560 3962 670 4026 intelllgi
695 3960 837 4022 voluisset,
871 3959 967 4023 quidni
1007 3958 1177 4025 ιιιιιιιιιιιιιι]
1197 3964 1223 4011 in
1242 3974 1302 4011 eum
1320 3960 1394 4010 collis
1413 3960 1517 4012 iocum.
1538 3958 1582 4010 ubi
1601 3961 1654 4009 iam

316 4050 470 4109 usurpasset
494 4057 519 4097 ι.
538 4044 702 4094 maiestatem
727 4041 878 4106 principis?
909 4040 968 4091 iioc
1005 4042 1298 4104 aequisioeispupuase
1312 4045 1429 4102 possent.
1449 4041 1475 4102 1,
1489 4038 1541 4090 aa:
1562 4042 1655 4103 eequis

316 4131 397 4192 igitur
421 4116 628 4176 dicll'Sentiuss
657 4121 795 4185 «dignitati
820 4123 967 4183 virtutique
1005 4120 1069 4169 lecte
1086 4120 1165 4184 aequi
1180 4120 1228 4170 dit.

316 4206 468 4259 Germanioi
489 4203 597 4263 deberi,
627 4207 658 4252 ut
681 4204 706 4251 ei
725 4203 844 4265 quamvls
862 4206 969 4253 mortuo
1040 4199 1085 4250 81.
1104 4197 1228 4264 classem}
1249 4212 1301 4263 qua
1319 4199 1428 4250 Sentius
1445 4198 1479 4250 ad
1504 4196 1654 4251 Celandrlsn

315 4287 407 4340 fideles
426 4284 569 4347 devotique
588 4288 712 4333 maneant
724 4283 847 4332 milites.»
864 4294 969 4332 -,resss
1006 4280 1209 4344 oppugnandam
1237 4280 1390 4331 advenerat.
1419 4302 1448 4315 ·-
1479 4274 1653 4344 odpspsscrs]

311 4367 449 4432 poblicum
467 4366 550 4414 ermis
566 4360 632 4428 peti]
660 4367 804 4424 conatum,
832 4375 887 4426 quo
904 4360 967 4413 Piso
1005 4360 1117 4425 Pertpte
1137 4360 1243 4411 Tacitus
1262 4360 1412 4412 ioeserto
1431 4362 1472 4419 et,
1491 4358 1652 4418 uisitetur,

315 4461 349 4499 ne
368 4445 487 4499 consulte
502 4444 610 4507 quidem
625 4445 785 4507 principatu
804 4445 967 4504 provinciam
1006 4444 1112 4504 proprio
1129 4454 1194 4492 usus
1212 4447 1267 4500 est,
1297 4447 1328 4491 ut
1353 4441 1512 4504 signiticaret
1537 4449 1653 4503 pugnam

316 4530 404 4580 denne
424 4540 482 4578 sese
501 4525 637 4577 intrudere
657 4521 735 4582 velit,
756 4535 809 4574 non
821 4523 894 4575 aliud
908 4536 967 4575 esse
1004 4534 1057 4572 non
1077 4534 1169 4583 reapse
1188 4528 1216 4573 ct
1233 4523 1301 4572 serio
1320 4522 1486 4572 commissam
1504 4520 1551 4571 sed
1576 4531 1655 4583 crpe·

316 4621 398 4672 quarn
419 4607 515 4659 beilum
536 4606 612 4659 etrite
635 4615 753 4655 morere.
790 4603 864 4656 ilaec
889 4607 968 4669 igitur
1005 4602 1089 4653 riendi
1107 4603 1189 4665 pratia
1208 4607 1344 4653 tentatam.
1368 4600 1529 4661 01ι.8,88.
1548 4597 1651 4659 15,18.

315 4696 375 4753 post
402 4688 551 4739 Germanici
580 4684 670 4738 landes
697 4687 785 4737 nostra
808 4698 839 4738 ex
865 4687 966 4739 ratione
1004 4681 1125 4733 liturae.
1163 4680 1232 4733 Saue
1251 4680 1302 4732 aiio
1321 4682 1494 4743 exscriptore
1510 4680 1654 4731 nonsiier·

315 4782 383 4822 nora
402 4776 442 4821 ast
460 4769 602 4819 sententia.
1004 4770 1047 4814 tur
1065 4776 1153 4826 neque
1175 4774 1190 4812 a
1209 4762 1357 4814 Forceiiino
1381 4773 1431 4812 uec
1453 4773 1469 4810 a
1488 4761 1652 4812 Purisnetta.

348 4850 392 4901 80.
414 4847 561 4909 Celendrs'el
581 4843 718 4897 Celendris
735 4846 791 4898 sire
810 4843 964 4897 Celenderis
1003 4844 1126 4895 Tenessis
1144 4845 1237 4907 igitur,
1262 4854 1296 4893 an
1322 4843 1386 4893 dum
1411 4842 1517 4894 sentius
1540 4852 1653 4900 occupa·

315 4930 443 4993 oppidum
472 4928 580 4980 Ciliciae
605 4938 714 4990 asperae
739 4937 822 4989 prope
848 4925 966 4978 Aneuu-
1004 4931 1044 4975 tus
1064 4929 1135 4975 esset
1152 4926 1180 4975 in
1193 4922 1338 4975 obsidendo
1352 4923 1474 4982 castello,
1493 4925 1551 4973 eins
1572 4921 1654 4973 desse

314 5012 402 5071 rium,
420 5009 499 5061 bodie
519 5008 650 5061 Csitsadro.
672 5031 702 5044 -
728 5006 757 5056 ss
773 5017 913 5055 cumeum
930 5005 965 5058 ts·
1003 5006 1030 5055 ln
1042 5006 1145 5056 ancoris
1158 5008 1245 5056 stante
1257 5000 1386 5069 (ascensa,
1399 5009 1430 5053 ut
1441 5008 1648 5055 consentancum

315 5084 419 5156 pionis]
446 5102 476 5141 es
498 5090 592 5141 sesiiio
611 5091 726 5139 tironum
745 5085 849 5136 illorum
867 5086 966 5138 Roma·
1003 5089 1060 5146 est,
1079 5084 1160 5136 classe
1179 5080 1243 5147 sus)
1273 5084 1352 5147 potiri
1372 5088 1479 5146 posset:
1511 5094 1571 5134 cum
1600 5082 1652 5132 troc

315 5182 420 5235 nomm,
438 5171 494 5222 suis
511 5175 538 5222 st
555 5168 697 5221 Plancinae
715 5166 840 5228 serritiis,
859 5165 965 5219 auxiliis
1002 5177 1055 5218 nou
1077 5164 1248 5227 procederet,
1276 5163 1427 5217 Celendrim
1444 5174 1580 5230 marstem
1600 5167 1651 5223 est,
