3734 5917
369 516 432 589 5³2
743 548 746 563 =
764 515 953 601 CORNELII
969 516 1105 584 rtem
1125 514 1332 602 nummum
1361 552 1366 560 ·

369 690 466 749 catur.
483 726 486 731 -
502 677 689 765 additurque
712 674 851 745 atrocior
871 676 1021 754 saevitia,
1044 680 1130 762 quod
1151 685 1246 763 capnt
1267 681 1461 763 amputatum
1482 674 1645 760 latumque
1665 674 1699 741 in

367 798 479 861 urbam
501 795 646 878 Poppaea
666 790 753 859 vidit.
779 794 861 857 dona
882 790 923 859 oh
945 793 1024 857 haec
1042 792 1167 877 templis
1181 789 1316 859 decreta.
1358 786 1445 876 qaod
1467 791 1506 853 ad
1523 809 1589 853 cum
1602 786 1699 853 finem

368 908 626 983 memoravimus,
656 915 690 971 ut
714 904 892 991 quicunque
913 925 1003 972 casus
1023 913 1199 990 temporum
1220 903 1347 969 illorum
1368 901 1461 967 nobis
1481 904 1533 967 vel
1552 903 1621 967 aliis
1643 922 1700 965 au·

368 1021 507 1088 ctorilsus
528 1027 673 1095 noscent,
702 1026 936 1105 praesumptum
956 1016 1111 1094 habeant,
1141 1017 1287 1103 quotiens
1307 1015 1398 1103 luges
1419 1023 1453 1081 et
1474 1018 1586 1081 caedes
1606 1014 1699 1081 iussit

346 1138 526 1221 sprincops,
549 1134 663 1203 totiens
684 1140 788 1219 grates
810 1131 876 1197 deis
890 1138 992 1208 actas,
1015 1151 1159 1217 quaeque
1172 1128 1502 1197 serumsecundarnm
1516 1127 1607 1203 olim,
1629 1134 1697 1193 tum

366 1248 509 1334 publicae
530 1248 626 1313 cladis
647 1246 778 1331 insignia
800 1244 908 1311 luisse.
946 1266 1049 1333 neque
1076 1252 1181 1310 tamen
1206 1244 1381 1319 silebimus,
1415 1244 1443 1311 si
1464 1240 1551 1327 quod
1571 1247 1697 1307 senatus

367 1360 541 1429 consultum
563 1358 740 1427 adulatione
761 1378 876 1425 novum
898 1364 952 1423 aut
972 1357 1122 1443 patientia
1142 1364 1335 1444 postremum
1356 1354 1425 1422 suit

429 1472 489 1560 (65)
522 1476 642 1539 Eodem
671 1493 752 1537 anno
782 1469 968 1537 libertorum
995 1470 1175 1557 potissimos
1202 1492 1323 1539 veneno
1345 1468 1539 1537 interfecisse
1560 1472 1695 1536 creditus

366 1596 432 1665 est,
464 1590 686 1675 Doryphorum
708 1583 797 1670 quasi
819 1582 1016 1651 adversatum
1037 1583 1156 1670 nuptiis
1176 1588 1356 1670 Poppaeae,
1390 1584 1573 1660 Pallantem,
1609 1586 1695 1671 quod

327 1724 355 1765 ιο
364 1704 538 1767 inmensam
558 1697 724 1785 pecuniam
746 1698 838 1782 longa
859 1705 984 1793 senecta
1006 1698 1172 1763 detineret.
1215 1700 1374 1764 Romanus
1399 1700 1528 1768 secretis
1549 1695 1695 1763 crimina·

365 1812 501 1881 tionibus
521 1812 718 1879 incusaverat
738 1813 887 1877 Senecam
908 1818 944 1877 ut
965 1814 1003 1878 G.
1020 1812 1141 1877 Pisonis
1160 1810 1300 1892 socium;
1323 1810 1378 1877 sed
1394 1810 1526 1877 validius
1540 1833 1560 1877 a
1574 1814 1694 1876 Seneca

365 1931 476 1994 eodem
497 1925 628 1992 crimine
649 1924 812 2010 perculsus
834 1931 891 1990 est.
929 1927 1013 1990 unde
1034 1924 1142 1990 Pisoni
1162 1926 1274 2004 timor,
1312 1933 1346 1991 et
1365 1932 1433 1993 urta
1455 1923 1639 1991 insidiarum
1659 1924 1693 1987 in

363 2042 520 2109 Neronem
542 2058 654 2125 magna
675 2041 795 2115 moles,
818 2036 872 2105 sed
894 2040 1091 2128 inprospera.

433 2226 458 2276 1.
478 2224 555 2274 seuit.
574 2222 611 2275 Μ.
632 2246 661 2260 -
681 2222 708 2271 2.
725 2233 829 2284 pcppea
846 2219 882 2271 Μ.
901 2242 930 2257 -
949 2217 1036 2271 llsbet
1052 2220 1116 2272 iaec
1132 2220 1179 2280 Μ,
1194 2234 1246 2273 non
1264 2222 1312 2272 iac
1330 2220 1417 2273 duell.
1438 2221 1506 2284 Splr.
1525 2245 1558 2256 -
1576 2220 1691 2272 decreta

344 2308 410 2361 quc
427 2295 465 2346 ad
480 2296 519 2349 Μ.
537 2294 654 2347 Corrarlt
669 2291 839 2343 Puteolanus.
859 2312 891 2327 ·-
910 2304 968 2341 eum
986 2303 1038 2341 om.
1057 2292 1096 2343 Μ.
1112 2316 1141 2329 -
1155 2290 1182 2341 3.
1194 2292 1396 2343 mesoraiimus
1407 2292 1446 2343 Μ.
1459 2294 1577 2344 correrii
1586 2290 1690 2343 Puteal.

362 2390 395 2405 ·-
413 2374 443 2417 ut
461 2378 512 2417 om.
533 2364 570 2416 Μ.
590 2360 671 2425 (dossa
690 2361 721 2412 od
739 2364 802 2412 iaec
819 2360 920 2425 templis
939 2360 1043 2411 dearcta
1068 2376 1143 2426 quem
1171 2364 1206 2412 ad
1234 2365 1312 2428 finem
1337 2364 1558 2414 memorabimus?
1585 2366 1691 2428 quicum·

362 2451 409 2503 qus
427 2430 606 2497 Doederlein.)
626 2456 659 2470 -
677 2429 805 2496 quicdque
821 2432 859 2483 Μ.
879 2455 912 2466 -
930 2430 957 2481 δ.
976 2440 1082 2484 uossmt
1099 2432 1138 2483 Μ.
1158 2433 1274 2485 Correxit
1290 2434 1462 2485 Puteolanus.
1490 2458 1524 2469 -
1545 2433 1573 2483 δ.
1589 2432 1691 2496 puiiics

361 2508 401 2559 Μ.
420 2530 454 2547 -·
470 2508 497 2559 7.
517 2497 673 2557 adulationi
690 2502 729 2554 Μ.
757 2529 789 2541 -
810 2502 836 2553 t.
856 2502 1028 2553 aduersarum
1044 2516 1175 2565 superrat.
1192 2518 1267 2564 rum,
1296 2504 1357 2554 huic
1382 2518 1443 2555 rum
1460 2517 1475 2555 s
1493 2507 1594 2556 receuti
1612 2514 1689 2553 mauu

362 2590 494 2640 superscr.
515 2589 560 2626 sos
577 2574 615 2626 Μ.
633 2599 666 2610 -
686 2576 728 2625 to.
746 2575 810 2623 iam.
829 2570 875 2623 M:
895 2572 968 2621 imm.
988 2572 1017 2621 li.
1049 2599 1077 2611 -
1109 2575 1151 2624 11.
1172 2570 1205 2624 G.
1223 2575 1267 2625 Mt
1295 2572 1347 2624 Gai
1365 2576 1395 2624 lt.
1423 2576 1518 2626 -13.
1538 2587 1633 2625 merom
1650 2573 1687 2625 Μ.

364 2674 399 2684 -
416 2645 477 2712 sed]
497 2652 522 2699 st
538 2646 579 2705 Μ,
600 2644 673 2707 quod
692 2644 807 2706 praefert
823 2642 999 2694 lloederlelns
1019 2656 1110 2694 vesum
1128 2647 1191 2696 sstls
1213 2648 1401 2695 inconcinnum
1420 2645 1488 2698 toret
1506 2651 1531 2695 st
1549 2651 1610 2695 orm
1622 2647 1691 2693 --et

360 2722 533 2785 inprospera,
560 2723 642 2778 sique
661 2716 710 2765 litt.
728 2728 741 2765 s
758 2714 897 2765 manticato
915 2714 1038 2775 absorpta
1057 2720 1096 2765 cst
1113 2718 1146 2765 si)
1164 2716 1257 2767 eadem
1276 2717 1460 2777 praecedente.
1485 2740 1517 2752 -
1536 2717 1690 2778 inprospera

360 2790 406 2841 lli:
426 2791 589 2853 improspera
607 2788 638 2836 B.
666 2812 696 2822 -
725 2784 839 2835 Cornelii
860 2785 946 2836 Taciti
963 2783 1027 2835 lidsr
1043 2790 1154 2850 quastus
1171 2788 1285 2838 dommus
1303 2786 1524 2851 suplicialusip.
1543 2782 1616 2849 (cum
1633 2785 1689 2841 liu.)

360 2860 424 2911 iiber
441 2862 548 2925 quintus
566 2860 679 2908 decimus
696 2857 734 2909 Μ.

361 3025 412 3067 uus
427 3018 486 3075 apte
499 3014 632 3065 distinxit:
653 3011 764 3063 iubetur.
777 3006 1008 3073 Cam-·porsutts·
1045 3011 1125 3061 nendi
1143 3017 1274 3065 auctores.
1294 3038 1328 3048 —
1352 3017 1550 3076 praesumptum
1567 3006 1688 3075 laisum]

360 3100 414 3151 sci,
431 3094 600 3155 restrinqitus
618 3096 669 3143 cet.
688 3090 756 3153 (lam
774 3103 832 3141 eum
849 3104 874 3141 v.
888 3090 1005 3146 uiduam,
1046 3095 1113 3141 «ism
1132 3098 1318 3155 praesument,
1347 3094 1425 3146 selutl
1443 3099 1466 3145 st
1486 3094 1566 3154 probe
1585 3094 1611 3144 ld
1629 3097 1687 3145 scis·

360 3166 1006 3234 noncumv.sssmmsurvnngondumessepatet.)
1044 3176 1130 3221 sent.»
1166 3171 1211 3222 Sic
1236 3172 1292 3225 Lis.
1314 3172 1365 3233 dd,
1391 3174 1444 3224 ct:
1475 3172 1688 3224 Praeiudicatur»

362 3279 392 3291 -
417 3246 607 3315 ssstsinqitar]
636 3250 686 3300 Pro
715 3250 937 3313 frequentioribus
964 3263 1005 3301 vr.
1046 3254 1164 3300 sucatum
1182 3251 1241 3303 delii
1258 3252 1367 3303 haduis.

359 3332 520 3395 siriacum,
551 3330 748 3393 coustrimqiiur.
781 3330 850 3379 Eun.
888 3330 1006 3381 Alterum
1078 3328 1121 3380 65.
1141 3330 1291 3381 libertorum
1300 3330 1464 3397 potissimos]
1477 3333 1551 3384 Suet.
1565 3332 1686 3386 Nomii:

359 3410 508 3473 exemptam
521 3410 595 3462 suast
607 3407 767 3460 Forcelllnus
782 3421 812 3461 er
825 3409 922 3471 appui.
934 3409 1005 3460 Flos.
1044 3407 1162 3459 Libertas
1178 3411 1271 3460 divites
1288 3417 1312 3462 ci
1330 3424 1418 3474 semes,
1447 3413 1510 3463 otiss
1527 3414 1686 3475 adoptionis.

360 3492 412 3543 17:
443 3489 529 3552 Quia,
558 3489 582 3537 si
598 3500 690 3538 manus
713 3488 823 3537 manicis
845 3490 1007 3552 restriaqau-
1043 3502 1107 3538 mou
1124 3490 1311 3541 dominationis
1328 3504 1394 3542 suae
1412 3494 1531 3555 [autores
1552 3500 1634 3556 atquc
1651 3506 1688 3542 se·

360 3570 427 3621 turi
456 3592 487 3608 -
517 3565 651 3631 atrocior]
680 3568 762 3618 «Nam
786 3571 900 3617 stractus
927 3572 1006 3620 etlam
1044 3575 1149 3629 stores,
1175 3581 1272 3620 ueneno
1288 3574 1389 3633 partim
1412 3574 1493 3627 cibis.
1519 3574 1621 3635 partim
1641 3584 1688 3637 po-

362 3662 441 3714 quam
467 3664 516 3701 uer
542 3656 594 3698 tam
613 3660 689 3699 saeva
708 3653 735 3698 et
752 3647 864 3699 violenta
884 3647 947 3697 illud
967 3648 1007 3699 lu·
1045 3648 1162 3699 tionibus
1178 3650 1265 3699 indito
1282 3652 1428 3713 intercepti.
1441 3676 1476 3689 -
1491 3647 1685 3717 Doryphorum]

361 3732 476 3782 dllsrlum
496 3728 650 3788 videbatur,
680 3730 791 3789 primum
811 3727 919 3778 lacerari
938 3740 1006 3779 mor·
1045 3727 1085 3779 De
1107 3728 1158 3779 hoc
1175 3728 1226 3779 Dio
1243 3728 1296 3789 dl,
1316 3728 1347 3781 5:
1376 3730 1560 3803 Δορυφόρῳ,
1588 3731 1629 3798 τῷ
1653 3727 1687 3782 ιὰ

361 3821 422 3864 tuae
436 3820 546 3872 corpus,
566 3807 663 3859 deinde
682 3815 760 3868 caput
778 3814 910 3871 tamquam
928 3806 1007 3858 male·
1046 3807 1098 3873 τῆς
1111 3804 1205 3879 ἀρχῆς
1217 3804 1313 3862 αὐτοῦ
1329 3809 1431 3871 βιβλία
1442 3809 1571 3864 διέποντι
1588 3806 1646 3875 (qui
1664 3812 1687 3861 ei

360 3894 425 3943 ficse
453 3887 634 3944 circumferri:
672 3890 750 3937 tertio
777 3889 949 3948 permittere,
977 3892 1008 3936 ut
1045 3900 1060 3937 s
1090 3887 1182 3937 libellis
1212 3884 1295 3952 erat),
1334 3890 1516 3955 πεντήκοντα
1544 3886 1609 3955 οἶμα
1640 3889 1687 3941 καὶ

361 3970 464 4024 aemula
477 3972 533 4020 elus
547 3966 914 4029 aspectupasoeretoculos.v
935 3966 1005 4017 linu-
1045 3965 1198 4030 διακοσίοις
1221 3964 1365 4039 μυριάδας
1390 3967 1503 4031 (οιιιιιΙοι
1530 3964 1686 4032 sestertium)

362 4076 391 4089 -
421 4050 458 4102 ad
484 4060 540 4099 eum
563 4044 654 4115 finem]
688 4047 785 4097 secure
812 4047 1005 4108 interpretare:
1044 4044 1169 4111 dadsisas
1185 4045 1327 4098 ἐκέλευσε.
1346 4048 1521 4111 Dornpiosus
1537 4048 1687 4101 sutemlre·

362 4130 416 4181 ιΕο
444 4127 552 4180 consilio
577 4128 621 4177 hic
647 4126 736 4177 saltem
759 4128 784 4174 tn
804 4124 928 4177 Octaviae
947 4140 1007 4189 snp-
1045 4139 1128 4188 quens
1155 4125 1307 4178 libertorum
1338 4140 1445 4179 nomen.
1493 4128 1562 4181 Vide
1582 4128 1685 4180 Grutert

362 4211 439 4273 pllclo
467 4208 563 4259 diserte
593 4208 811 4265 memoravimus,
838 4212 866 4255 ut
895 4206 1007 4259 lectores
1045 4206 1171 4257 ludicesu.
1189 4230 1224 4241 -—
1243 4205 1400 4270 Pallantem]
1419 4208 1471 4258 Dio
1489 4207 1542 4266 dd,
1563 4209 1611 4260 lis
1634 4205 1686 4260 τὸν

361 4300 528 4341 moneremus
548 4284 710 4349 (praesertim
724 4288 749 4334 ln
763 4284 822 4334 libri
836 4280 917 4348 fine),
935 4286 1007 4335 lde·
1045 4283 1075 4337 di
1093 4284 1249 4338 Πάλλαντα
1266 4284 1460 4357 διεχρήσατο,
1479 4283 1528 4339 ὅτι
1539 4291 1588 4339 καὶ
1600 4286 1686 4340 κλοῦ-

361 4377 391 4421 ut
408 4372 605 4433 praesumptum
624 4365 738 4415 habeant
758 4363 791 4415 de
813 4366 907 4415 ceteris
921 4365 1008 4417 caedi·
1045 4380 1096 4415 sou
1109 4361 1201 4415 πολὺν
1212 4363 1367 4431 ἐκέκτητο,
1386 4361 1525 4418 ὥστεκαὶ
1540 4366 1687 4436 ἐςμορίος

362 4450 410 4500 lius
439 4457 465 4500 et
491 4452 567 4498 antes
591 4451 617 4496 et
644 4442 752 4506 posthac
774 4447 912 4494 narratis.»
950 4444 1008 4493 «Ad
1043 4442 1188 4511 μυριάδας
1208 4440 1687 4517 (οιιιῑιιοιίΙΙιιΜεδαιίτδοᾰριδ·

362 4542 419 4579 eum
436 4528 514 4594 finem
530 4526 624 4577 Latine
647 4537 700 4574 non
719 4524 814 4574 dicitur
834 4536 880 4585 pro
900 4536 929 4573 so
948 4538 1008 4575 coss·
1043 4520 1236 4586 μιῖοδαιιιιλ.
1256 4548 1284 4561 -
1305 4524 1449 4589 Romanus]
1470 4526 1569 4589 Hispo,
1588 4526 1621 4578 de
1634 4538 1686 4589 quo

360 4611 420 4660 silio
431 4623 456 4670 ς»
477 4620 550 4672 quem
566 4604 601 4656 ad
613 4605 690 4670 finem
706 4604 772 4653 nihil
790 4603 861 4653 uliud
880 4606 1008 4666 signifieat
1045 4604 1078 4662 l,
1097 4602 1142 4652 td.
1178 4603 1288 4665 Ruperti
1308 4609 1403 4669 cogitat
1420 4607 1453 4657 de
1473 4607 1554 4658 Fabio
1567 4607 1684 4657 Romano

362 4693 411 4740 uisi
435 4684 581 4753 quamdiu,
608 4696 751 4749 quousque.
782 4683 871 4733 Doro.
908 4684 1006 4733 Verum
1044 4682 1212 4740 io,1·1.—
1239 4680 1309 4747 orta]
1329 4700 1358 4737 er
1379 4686 1429 4738 illis
1447 4688 1509 4749 ipsis
1528 4690 1685 4738 criminatio-

362 4768 433 4819 allud
453 4774 492 4818 est
507 4776 582 4829 quem
599 4764 635 4813 ad
661 4762 761 4827 pinam?
792 4776 840 4823 per
864 4764 1007 4826 interroga·
1044 4762 1121 4811 uibus
1140 4768 1167 4814 et
1184 4766 1290 4824 proprio
1310 4778 1340 4815 ex
1359 4766 1462 4817 timore.
1480 4792 1514 4802 -
1535 4768 1579 4817 sed
1597 4768 1686 4830 inpro-

361 4852 475 4907 tlouem,
495 4844 567 4896 allud
578 4844 614 4893 ad
628 4855 685 4892 sum
701 4844 777 4907 finem
793 4844 896 4906 aliquid
907 4844 1003 4907 facere,
1043 4838 1131 4904 spera]
1151 4841 1183 4894 dc
1202 4842 1300 4908 quilius
1317 4846 1488 4908 insequenti
1508 4846 1574 4897 libro
1592 4846 1622 4897 C.
1640 4846 1682 4895 iti.

360 4934 407 4983 ut,
428 4934 478 4978 cet.
526 4924 613 4987 Atque
632 4922 767 4973 uobiscum
787 4922 886 4972 iaciunt
903 4923 1006 4973 Forcel·
1042 4934 1117 4984 seqq.
1137 4921 1289 4975 Lectionem
1301 4923 1338 4974 Μ.
1354 4927 1547 4989 stiupruspera
1568 4924 1684 4978 Waltlter

361 5010 431 5062 linus
457 5011 484 5058 et
508 5002 632 5065 Freund,
663 5000 812 5055 Latinitatis
834 5002 905 5055 haud
932 5014 1006 5067 spes·
1042 5000 1368 5068 reseruassemus
1387 5006 1496 5058 auidum
1513 5006 1682 5059 etminorsm.
