3734 5917
375 495 441 562 ³88
772 493 962 562 CORNELII
983 495 1116 563 nactur
1135 496 1340 564 ANNALIUM

378 653 474 722 modo
494 651 698 722 intentior‘iu
719 659 847 724 modam
870 657 1059 734 coercendi,
1091 659 1131 723 ad
1151 654 1374 723 firmitudinem
1394 663 1536 738 revocat,
1568 654 1711 744 rogitant

378 765 435 834 ulti
456 776 624 854 praecepta
643 769 831 856 sapientiae,
855 767 909 835 ubi
931 777 978 836 iot
998 790 1056 857 per
1076 789 1174 837 annae
1193 769 1341 836 meditata
1362 769 1442 836 ratio
1464 773 1630 840 adversum
1652 771 1713 838 irn-

379 881 550 948 minentia?
571 881 719 949 cuienim
740 882 989 968 ignaramluisse
1011 883 1171 950 saeuitiam
1193 885 1347 950 Neronis?
1367 903 1471 970 neque
1492 883 1577 950 alind
1597 905 1711 970 super·

379 1015 448 1060 esse
476 1003 548 1081 post
577 1002 708 1061 matrem
730 995 923 1082 fratremque
943 995 1123 1063 interlectos
1138 1015 1230 1082 quam
1245 1002 1280 1062 nt
1294 998 1471 1062 educatoris
1485 996 1712 1084 praeceptoris·

355 1127 440 1192 eque
461 1129 572 1174 necem
593 1111 744 1174 adiceret.
789 1105 852 1192 (63)
873 1106 928 1174 uhi
950 1112 1027 1174 baec
1048 1117 1143 1195 atque
1164 1108 1237 1175 talia
1258 1108 1395 1177 velutin
1425 1129 1589 1175 commuue
1610 1112 1711 1176 disse-

378 1222 459 1298 ruit,
482 1220 701 1305 complectitur
714 1243 847 1288 uxorem
856 1265 867 1299 ‚
891 1229 923 1287 et
937 1220 1096 1308 paululum
1113 1223 1263 1290 adversus
1277 1230 1474 1307 praesentem
1493 1221 1711 1288 fortitudinem

378 1333 515 1400 mellitus
536 1342 628 1420 rogat
648 1342 795 1421 oratque,
830 1342 1020 1419 temperaret
1041 1335 1183 1401 dolorem
1204 1343 1364 1402 aeternum
1389 1337 1564 1422 suscipere.
1598 1333 1654 1401 sed
1678 1335 1710 1400 in

377 1445 640 1531 contemplatione
661 1449 743 1514 uitae
764 1468 823 1535 per
843 1450 992 1516 uirtutem
1013 1457 1099 1514 actae
1115 1445 1301 1515 desiderium
1316 1449 1419 1515 mariti
1436 1446 1554 1514 solatiis
1569 1447 1710 1515 honestis

377 1559 533 1627 toleraret.
567 1559 620 1626 illa
642 1569 751 1627 contra
771 1561 832 1628 sibi
853 1581 981 1649 quoque
1004 1559 1188 1626 destinatam
1211 1570 1345 1628 mortem
1366 1559 1545 1636 adsereret,
1570 1581 1711 1627 manum·

339 1693 440 1758 reque
461 1673 656 1759 percussoris
678 1673 829 1761 exposcit.
867 1682 934 1741 tam
961 1675 1080 1740 Seneca
1102 1673 1221 1760 gloriae
1244 1674 1311 1739 eius
1333 1695 1396 1740 non
1417 1673 1583 1751 adversus,
1617 1673 1709 1740 simul

376 1806 505 1863 amore,
539 1807 580 1852 ne
609 1786 672 1854 silui
699 1789 790 1854 unice
817 1785 961 1854 dilectam
991 1786 1029 1853 ad
1059 1786 1189 1852 iniuriae
1217 1789 1426 1873 relinqueret,
1459 1789 1582 1852 avitae»
1609 1788 1710 1872 inquit

382 1899 609 1967 «delenimenta
639 1908 887 1967 monstraveram
915 1899 993 1978 tibi,
1025 1907 1059 1966 tu
1081 1901 1191 1966 mortis
1213 1898 1308 1966 decus
1335 1901 1442 1966 mauis.
1477 1919 1541 1966 non
1563 1897 1708 1965 invidebo

376 2011 533 2100 exemplo.
556 2014 597 2079 sit
610 2014 703 2080 huius
719 2021 781 2079 tarn
802 2013 893 2080 lorils
914 2012 1016 2080 exitus
1037 2015 1210 2080 constantia
1230 2032 1329 2099 penes
1350 2021 1503 2098 utrosque
1525 2032 1596 2098 par,
1618 2011 1709 2078 clari·

377 2124 494 2192 tudinis
514 2127 585 2213 plus
606 2125 640 2192 in
658 2133 713 2193 tuo
732 2125 824 2192 fiae.»
855 2134 926 2213 post
949 2146 1030 2215 quac
1052 2127 1164 2192 eodem
1184 2125 1248 2191 ictu
1271 2124 1396 2192 brachia
1417 2123 1507 2192 serra
1529 2125 1706 2193 exsolvunt.

336 2239 514 2316 sesemen,
537 2239 686 2325 quoniam
707 2239 807 2306 senile
827 2259 944 2324 corpus
965 2248 996 2306 et
1018 2259 1115 2324 parco
1136 2240 1218 2305 rictu
1240 2245 1399 2304 tenuatum
1415 2237 1497 2304 lenta
1511 2239 1624 2324 effugia
1640 2257 1708 2304 sau-

445 2435 471 2483 t.
483 2432 593 2483 iuteticr
604 2427 661 2496 (sic)
673 2432 712 2483 it.
733 2455 763 2468 ·-
781 2432 808 2482 Ξ.
821 2427 988 2484 immineuttd
1001 2431 1037 2484 it.
1054 2457 1083 2471 -
1097 2431 1124 2482 3.
1138 2430 1207 2484 niiut
1219 2431 1257 2482 Μ.
1268 2456 1302 2466 -
1312 2429 1340 2482 i.
1347 2427 1426 2494 port]
1439 2425 1494 2495 aad
1507 2429 1545 2480 Μ.
1558 2453 1585 2466 -
1600 2430 1627 2480 5.
1638 2429 1707 2480 neiat

375 2503 406 2552 iu
418 2501 461 2554 it:
475 2505 504 2553 iu
513 2516 573 2554 euru
586 2503 651 2568 lieg-
665 2502 733 2556 Bud.
748 2503 778 2552 lt.
794 2528 823 2540 -
838 2503 864 2553 o.
878 2501 1060 2566 fortitudinem
1073 2503 1098 2552 Μ
1111 2517 1119 2554 ι
1138 2501 1303 2564 formidinem
1317 2513 1375 2552 auru
1389 2501 1476 2552 Gueil.
1489 2499 1562 2551 Harl.
1575 2499 1627 2551 ier.
1641 2499 1705 2549 iud.

377 2573 447 2634 Spir.
463 2573 492 2621 lt.
513 2598 545 2609 -
564 2574 592 2624 7.
610 2576 752 2636 eructuaret
765 2574 804 2624 Μ.
825 2572 943 2626 Correxit
962 2576 982 2624 Ι.
994 2575 1037 2624 Fr.
1052 2571 1208 2626 Gronovius.
1228 2572 1340 2636 (dolori,
1358 2585 1390 2622 ue
1408 2568 1463 2634 (uec
1481 2583 1540 2620 euru
1559 2569 1706 2632 Btponttute

378 2643 531 2706 Olterltuur)
560 2650 697 2696 aeternnm
724 2646 862 2708 utraiperet
891 2657 950 2695 eunt
978 2644 1047 2696 liud.
1071 2647 1133 2707 Agr.
1160 2643 1229 2706 spir.
1255 2643 1321 2692 lidd.
1345 2651 1406 2694 ente
1432 2641 1597 2699 lielrlerurna
1630 2653 1706 2704 quam

377 2715 518 2766 lectionem
537 2729 627 2766 rursus
646 2714 770 2776 praetulit
788 2712 923 2766 Duebuer.
945 2739 977 2752 -
995 2715 1021 2765 Β.
1042 2723 1099 2764 acte
1116 2714 1154 2765 Μ.
1177 2739 1207 2749 -
1225 2713 1332 2762 actaeiir
1349 2713 1387 2763 Μ.
1417 2738 1445 2750 -
1466 2711 1493 2761 li.
1511 2712 1569 2762 adr.
1588 2712 1631 2762 Μι
1654 2723 1706 2760 nrt.

377 2784 409 2834 Β.
430 2810 460 2822 -
482 2787 523 2836 15.
551 2799 633 2848 parco
650 2787 695 2838 Μι
721 2799 806 2848 parca
832 2798 891 2834 eum
911 2783 997 2835 Guell.
1018 2783 1085 2833 liud.
1108 2784 1138 2834 Β.
1157 2783 1207 2846 (lle
1235 2783 1349 2834 secunda
1370 2796 1447 2835 manu
1467 2785 1502 2832 lta
1523 2781 1664 2832 exhibente
1682 2784 1707 2830 iu

376 2854 421 2916 ut,
441 2869 520 2920 quarn
540 2857 636 2909 uidirec
654 2870 682 2908 re
702 2861 813 2908 testatur
831 2856 884 2907 irc.
905 2855 1070 2916 Gronovius,
1090 2854 1153 2905 nihil
1173 2855 1273 2906 uotautt
1291 2851 1433 2918 Baiterar.)
1454 2877 1482 2890 -
1501 2851 1614 2918 effaetas
1626 2851 1665 2904 Μ.

378 3023 433 3070 tum
459 3025 546 3071 autera
573 3019 601 3070 ia.
620 3020 639 3071 l.
665 3019 841 3072 conterendus
868 3026 908 3073 ert
932 3018 1023 3072 Sahal.
1063 3019 1206 3070 amicorum
1239 3029 1302 3081 prae
1336 3019 1432 3070 ceteris
1466 3019 1599 3068 intueare
1638 3015 1706 3066 ileee

376 3099 469 3149 luren-
488 3100 524 3160 Β,
544 3099 615 3150 lotia
641 3099 737 3150 Semcc
754 3100 801 3151 rui
819 3099 930 3150 Claudio
948 3099 1026 3163 puori
1062 3099 1254 3161 simplicissime
1269 3098 1357 3157 retica
1379 3099 1458 3148 nimie
1477 3101 1547 3149 enim
1567 3095 1705 3148 artificiosa

376 3181 493 3229 conamur
518 3179 709 3230 adulteriorum
736 3180 841 3235 lutiae,
873 3178 1025 3231 Germanici
1063 3181 1126 3230 ruttri
1160 3179 1263 3231 ridetur
1296 3178 1474 3230 Doederietuti
1502 3179 1703 3239 interpretatio:

375 3257 464 3324 filiae,
490 3259 520 3308 in
539 3257 838 3325 arimannorum,
866 3265 928 3323 pert
945 3261 1023 3309 trien·
1064 3259 1112 3309 aad
1137 3263 1234 3310 amicas
1260 3271 1400 3311 conuersus
1427 3265 1558 3319 tamquam
1579 3257 1611 3306 ad
1630 3269 1704 3306 omne

375 3339 449 3388 nium
466 3345 603 3388 recuratur
622 3343 670 3389 eet.
707 3337 777 3399 Qui,
805 3341 853 3390 etei
868 3353 965 3404 mapno
982 3339 1025 3388 rie·
1062 3352 1143 3402 genna
1169 3340 1332 3394 humanum.
1362 3338 1395 3388 ad
1424 3336 1495 3402 quad
1524 3341 1706 3398 permanarent

374 3418 472 3468 siderio
489 3416 606 3467 Atieuaa
628 3415 793 3474 intruderet.
822 3419 856 3469 ai
874 3418 1025 3482 Aprippina
1064 3432 1111 3481 per
1127 3419 1265 3470 audientes
1282 3431 1422 3480 supremae
1442 3417 1501 3468 iliae
1518 3421 1607 3466 raee‘a.
1642 3415 1706 3466 suut

375 3504 467 3548 tamen
493 3497 637 3547 erudienda
653 3497 753 3549 Neroni
769 3497 798 3547 iu
816 3496 950 3548 Palatium
976 3498 1024 3546 nri·
1064 3503 1133 3551 enirn
1148 3498 1284 3562 vulgaire,
1304 3505 1333 3550 ut
1352 3505 1467 3549 eatreruc
1480 3499 1565 3560 eapite
1580 3503 1607 3548 et
1619 3495 1649 3547 c.
1662 3495 1703 3544 6⁴1.

375 3577 488 3630 ductus,
521 3588 629 3627 raecum
655 3577 845 3640 immanemque
875 3584 970 3626 natum
999 3582 1025 3626 ei
1062 3587 1208 3632 narratur.»
1253 3579 1287 3628 At
1315 3591 1383 3640 aure
1411 3576 1514 3641 vulgate
1539 3583 1603 3628 eunt
1627 3577 1705 3628 ueluti

374 3659 455 3706 aenei
467 3657 519 3706 rito
530 3660 554 3707 et
565 3657 714 3719 nmpuctr.
727 3657 796 3706 inter
806 3653 953 3718 {eniterer
964 3655 1026 3706 roti-
1063 3663 1167 3722 proprio
1186 3659 1275 3711 libello
1294 3659 1410 3720 intelligo
1424 3669 1454 3708 ee
1469 3659 1618 3716 damiani,
1640 3669 1704 3720 auae

375 3743 418 3786 Μ
429 3737 530 3796 ditm.
550 3737 782 3800 ‘'mimmii‘’
794 3736 836 3786 titt
847 3735 930 3789 lim·
949 3738 1022 3798 quin,
1063 3748 1200 3803 postquem
1218 3751 1298 3791 uenae
1315 3739 1474 3799 abruperat,
1493 3738 1629 3788 mercatis
1645 3737 1705 3786 reri·

375 3820 482 3879 poetata
498 3816 575 3866 remei
590 3815 703 3865 laminir
721 3828 833 3871 cruore.
853 3816 972 3880 tnpeuita
983 3828 1023 3865 re·
1059 3821 1178 3882 proriam
1203 3820 1335 3876 tradidit,
1361 3819 1517 3876 denarie,
1546 3817 1580 3869 de
1605 3819 1704 3868 animae

374 3897 581 3946 deutaueuttia.»
599 3894 669 3944 Huic
679 3903 826 3958 pentuma,
838 3895 1024 3960 puodltaditur
1063 3900 1270 3955 immortalitate.
1289 3904 1319 3948 ut
1335 3897 1388 3948 tere
1408 3897 1529 3950 Siceratee
1549 3899 1575 3946 tn
1590 3897 1705 3948 Phaedo-

375 3982 440 4025 erret
449 3977 517 4025 inter
527 3976 647 4026 cometae
654 3975 1022 4036 coniurationisl’iecutanau
1061 3993 1113 4036 ue:
1134 3993 1202 4043 auae
1220 3992 1283 4033 uero
1301 3979 1343 4028 iric
1356 3985 1536 4028 memorantur
1548 3977 1581 4028 aia
1594 3978 1642 4032 ite.
1661 3977 1703 4040 aui

374 4053 443 4104 llere
466 4067 516 4117 per
543 4055 678 4105 tribunum
701 4054 823 4104 uitiuarn
845 4056 1024 4104 ueremttatem
1061 4058 1217 4118 adiuuant,
1250 4060 1360 4120 porteris
1382 4057 1483 4119 prodita
1503 4070 1560 4108 erae
1585 4057 1702 4106 arbitror.

374 4134 552 4183 dementtuutt.
597 4135 729 4196 lieincepe
755 4133 840 4183 Taciti
870 4133 956 4184 lacurn
980 4147 1023 4186 eu·
1062 4162 1093 4174 -
1112 4138 1236 4188 aduersae
1253 4141 1415 4200 praetentam
1432 4132 1631 4199 terruncium]
1650 4135 1704 4185 «di-

375 4213 484 4270 wrlblit
512 4216 548 4264 li·
567 4213 691 4278 auidum.
719 4218 749 4264 iti
777 4213 859 4273 ninii,
888 4213 961 4277 quad
989 4214 1022 4264 ad
1060 4229 1134 4270 uerae
1153 4232 1167 4269 a
1188 4220 1317 4280 maerenti
1344 4216 1513 4275 tortitudine.
1539 4219 1609 4267 sieut
1627 4215 1704 4266 Gree-

375 4297 495 4345 criticum
513 4307 591 4345 ιιιιιιι
610 4292 703 4348 luerat.
723 4293 825 4343 atteret.
1060 4309 1120 4348 eum
1139 4296 1219 4370 παρὰ
1236 4295 1292 4363 τὴν
1309 4293 1464 4366 παροῦσαι
1482 4290 1619 4364 daipeiar
1636 4307 1703 4346 ean·

409 4373 452 4425 aa.
471 4374 545 4424 aetut
562 4375 593 4423 in
608 4370 754 4436 mune]
773 4373 843 4424 llaie
863 4377 930 4434 pert.
951 4373 1022 4424 reiut
1061 4379 1222 4438 parationem
1245 4375 1363 4426 indicate
1383 4385 1452 4424 «noa
1471 4373 1578 4438 quidem
1597 4375 1629 4425 ad
1648 4387 1703 4424 mu·

374 4467 436 4507 cunr
460 4453 545 4504 ectr.
572 4452 734 4515 interpolatis
752 4453 817 4516 lter.
839 4451 928 4512 und..
958 4467 1022 4516 quc·
1061 4455 1171 4506 liebreur
1197 4455 1331 4505 moltitiem
1355 4452 1494 4514 delapaua.
1525 4455 1571 4505 sed
1597 4455 1700 4516 paululo

374 4548 432 4587 rura
452 4534 521 4584 uaiia
540 4541 581 4586 eat
597 4535 754 4591 auetoritae,
775 4534 1021 4585 deleveruntettam
1060 4536 1150 4587 saitem
1178 4537 1258 4598 magia
1287 4534 1402 4584 mollitus
1435 4546 1513 4595 quarn
1542 4546 1588 4594 pro
1618 4542 1702 4586 cetera

374 4615 547 4666 recentissimi
581 4613 715 4670 editores,
746 4613 868 4672 liciter,
899 4613 1020 4675 Ruperti,
1060 4619 1117 4667 etue
1132 4615 1299 4676 tortitudine,
1318 4627 1396 4678 quam
1417 4617 1548 4677 praesenti
1570 4621 1699 4676 tempore·

372 4694 516 4752 Duebuer.
549 4693 728 4749 lioederleiut
767 4695 794 4741 lu
821 4692 894 4742 uitro
922 4697 1021 4744 temere
1060 4695 1161 4756 (paullo
1197 4702 1257 4745 ante
1289 4708 1319 4745 ιι
1350 4707 1409 4745 uror
1446 4692 1546 4756 rursus)
1580 4701 1703 4745 menstra·

374 4779 484 4825 mutuati
510 4773 599 4823 Gneil.
643 4773 742 4824 Sensua
769 4773 812 4822 hie
841 4778 899 4823 erte
932 4773 1022 4822 ullaec
1060 4776 1103 4826 iat
1132 4775 1177 4837 (tm
1207 4773 1403 4836 Widerrprueie
1432 4785 1513 4838 peperi
1536 4775 1606 4824 aeine
1633 4770 1701 4834 (ran-

374 4855 500 4906 dieaeruit
518 4853 589 4903 neiut
607 4849 721 4916 (poterat
732 4852 848 4904 scribere
862 4855 920 4910 uti,
933 4851 1021 4908 eieuttl
1058 4855 1131 4920 attae)
1149 4853 1284 4920 Fertipireit
1301 4855 1342 4904 ein
1359 4855 1443 4918 toenia
1459 4851 1598 4915 erneteitt).
1628 4851 1701 4902 simi-

273 4982 275 4985 .
375 4936 475 4986 cunetis
504 4945 590 4996 aeque
618 4933 790 4991 eretpteuda.
829 4939 855 4983 et
889 4937 962 4984 urori
995 4938 1022 4984 et
1059 4934 1119 4985 liter
1141 4931 1182 4997 (ut
1199 4935 1334 4984 adnotavit
1351 4931 1419 4982 licita
1439 4931 1471 4982 ad
1489 4931 1551 4995 Agr.
1572 4943 1598 4992 p.
1618 4929 1700 4994 lid).

274 5048 278 5057 .
374 5015 483 5072 amicta,
511 5015 558 5076 ant
577 5012 702 5072 aderant;
722 5011 796 5064 uultu
816 5024 924 5076 quoque
943 5013 1021 5076 rigat·
1060 5011 1093 5061 il.
1113 5013 1147 5070 Β,
1167 5014 1220 5064 lie
1249 5015 1280 5060 ut
1302 5011 1428 5062 adueraua
1450 5009 1605 5061 modestiam
1629 5011 1701 5060 diret·

374 5093 455 5144 deaut
473 5092 538 5145 laec
556 5092 588 5145 ad
607 5105 697 5145 carnee
717 5095 915 5144 circummuniet
940 5097 1020 5155 perti·
1056 5090 1146 5156 pttnce
1163 5095 1320 5155 corruptus.
1348 5091 1391 5140 ita
1405 5089 1567 5152 praeliorum
1589 5089 1701 5146 daldun

374 5185 438 5226 nere
454 5184 543 5236 uerae
561 5185 671 5227 uxoreae
688 5183 778 5237 ueaue
796 5172 868 5223 anae
885 5173 926 5227 rel
946 5173 1019 5224 tiiuru
1059 5170 1099 5225 ret
1124 5172 1194 5223 Anu.
1221 5171 1271 5232 td,
1289 5169 1341 5221 iit
1373 5168 1444 5233 ruod
1470 5173 1565 5221 eontra
1589 5167 1700 5236 einputm
