<?xml version="1.0" encoding="UTF-8"?>
<!DOCTYPE html PUBLIC "-//W3C//DTD XHTML 1.0 Transitional//EN"
    "http://www.w3.org/TR/xhtml1/DTD/xhtml1-transitional.dtd">
<html xmlns="http://www.w3.org/1999/xhtml" xml:lang="en" lang="en">
 <head>
  <title>
</title>
<meta http-equiv="Content-Type" content="text/html;charset=utf-8" />
  <meta name='ocr-system' content='tesseract 3.04.00' />
  <meta name='ocr-capabilities' content='ocr_page ocr_carea ocr_par ocr_line ocrx_word'/>
</head>
<body>
  <div class='ocr_page' id='page_1' title='image "./opera05tacigoog/opera05tacigoog_0409.png"; bbox 0 0 3734 5917; ppageno 0'>
   <div class='ocr_carea' id='block_1_1' title="bbox 617 515 1564 600">
    <p class='ocr_par' dir='ltr' id='par_1_1' title="bbox 617 515 1564 600">
     <span class='ocr_line' id='line_1_1' title="bbox 617 515 1564 600; baseline 0 -20"><span class='ocrx_word' id='word_1_1' title='bbox 617 516 736 580; x_wconf 81' lang='lat' dir='ltr'><strong>tuen</strong></span> <span class='ocrx_word' id='word_1_2' title='bbox 755 515 827 580; x_wconf 83' lang='lat' dir='ltr'><strong>xri.</strong></span> <span class='ocrx_word' id='word_1_3' title='bbox 871 516 944 600; x_wconf 72' lang='lat' dir='ltr'><strong>cap.</strong></span> <span class='ocrx_word' id='word_1_4' title='bbox 968 516 1050 580; x_wconf 77' lang='lat' dir='ltr'><strong>te.</strong></span> <span class='ocrx_word' id='word_1_5' title='bbox 1073 517 1105 582; x_wconf 87' lang='lat' dir='ltr'><strong>a.</strong></span> <span class='ocrx_word' id='word_1_6' title='bbox 1128 516 1161 582; x_wconf 83' lang='lat' dir='ltr'><strong>t.</strong></span> <span class='ocrx_word' id='word_1_7' title='bbox 1501 515 1564 583; x_wconf 84' lang='lat' dir='ltr'><strong>uer</strong></span> 
     </span>
    </p>
   </div>
   <div class='ocr_carea' id='block_1_2' title="bbox 221 670 1606 2229">
    <p class='ocr_par' dir='ltr' id='par_1_2' title="bbox 221 670 1606 2229">
     <span class='ocr_line' id='line_1_2' title="bbox 232 670 1566 760; baseline -0.001 -21"><span class='ocrx_word' id='word_1_8' title='bbox 232 672 381 750; x_wconf 86' lang='lat' dir='ltr'><strong>laudere,</strong></span> <span class='ocrx_word' id='word_1_9' title='bbox 404 670 490 758; x_wconf 93' lang='lat' dir='ltr'><strong>quod</strong></span> <span class='ocrx_word' id='word_1_10' title='bbox 512 672 689 740; x_wconf 87' lang='lat' dir='ltr'><strong>Germanioi</strong></span> <span class='ocrx_word' id='word_1_11' title='bbox 709 682 858 760; x_wconf 76' lang='lat' dir='ltr'>nepotem</span> <span class='ocrx_word' id='word_1_12' title='bbox 879 693 987 740; x_wconf 89' lang='lat' dir='ltr'><strong>secum</strong></span> <span class='ocrx_word' id='word_1_13' title='bbox 1001 672 1153 749; x_wconf 85' lang='lat' dir='ltr'><strong>traheret,</strong></span> <span class='ocrx_word' id='word_1_14' title='bbox 1176 671 1306 759; x_wconf 65' lang='grc' dir='ltr'>ὤςιιιιιιι</span> <span class='ocrx_word' id='word_1_15' title='bbox 1320 691 1451 760; x_wconf 74' lang='lat' dir='ltr'><strong>proruta</strong></span> <span class='ocrx_word' id='word_1_16' title='bbox 1465 673 1566 758; x_wconf 88' lang='lat' dir='ltr'><strong>imps-</strong></span> 
     </span>
     <span class='ocr_line' id='line_1_3' title="bbox 233 784 1566 874; baseline -0.001 -23"><span class='ocrx_word' id='word_1_17' title='bbox 233 788 348 852; x_wconf 88' lang='lat' dir='ltr'><strong>raloria</strong></span> <span class='ocrx_word' id='word_1_18' title='bbox 364 784 506 852; x_wconf 80' lang='lat' dir='ltr'><strong>fortuna:</strong></span> <span class='ocrx_word' id='word_1_19' title='bbox 528 785 657 873; x_wconf 79' lang='lat' dir='ltr'><strong>stirpem</strong></span> <span class='ocrx_word' id='word_1_20' title='bbox 672 785 824 868; x_wconf 89' lang='lat' dir='ltr'><strong>nobilem,</strong></span> <span class='ocrx_word' id='word_1_21' title='bbox 847 795 880 852; x_wconf 92' lang='lat' dir='ltr'><strong>et</strong></span> <span class='ocrx_word' id='word_1_22' title='bbox 892 786 1028 853; x_wconf 82' lang='lat' dir='ltr'><strong>familiae</strong></span> <span class='ocrx_word' id='word_1_23' title='bbox 1042 786 1189 854; x_wconf 77' lang='lat' dir='ltr'><strong>Claudiae</strong></span> <span class='ocrx_word' id='word_1_24' title='bbox 1203 805 1283 872; x_wconf 90' lang='lat' dir='ltr'><strong>quae</strong></span> <span class='ocrx_word' id='word_1_25' title='bbox 1298 785 1475 874; x_wconf 84' lang='lat' dir='ltr'><strong>posteros†</strong></span> <span class='ocrx_word' id='word_1_26' title='bbox 1491 804 1566 852; x_wconf 86' lang='lat' dir='ltr'><strong>oon-</strong></span> 
     </span>
     <span class='ocr_line' id='line_1_4' title="bbox 233 897 1567 984; baseline 0 -20"><span class='ocrx_word' id='word_1_27' title='bbox 233 899 398 984; x_wconf 78' lang='lat' dir='ltr'><strong>ionqerel;</strong></span> <span class='ocrx_word' id='word_1_28' title='bbox 433 921 473 964; x_wconf 90' lang='lat' dir='ltr'><strong>ne</strong></span> <span class='ocrx_word' id='word_1_29' title='bbox 494 899 612 966; x_wconf 86' lang='lat' dir='ltr'><strong>femina</strong></span> <span class='ocrx_word' id='word_1_30' title='bbox 634 909 784 983; x_wconf 83' lang='lat' dir='ltr'><strong>expertae</strong></span> <span class='ocrx_word' id='word_1_31' title='bbox 806 898 1021 976; x_wconf 72' lang='lat' dir='ltr'><strong>fecunditatis,</strong></span> <span class='ocrx_word' id='word_1_32' title='bbox 1044 899 1166 984; x_wconf 74' lang='lat' dir='ltr'><strong>integra</strong></span> <span class='ocrx_word' id='word_1_33' title='bbox 1181 899 1326 982; x_wconf 85' lang='lat' dir='ltr'><strong>iuventa,</strong></span> <span class='ocrx_word' id='word_1_34' title='bbox 1350 897 1567 964; x_wconf 77' lang='lat' dir='ltr'><strong>claritudinem</strong></span> 
     </span>
     <span class='ocr_line' id='line_1_5' title="bbox 234 1010 1565 1099; baseline -0.002 -21"><span class='ocrx_word' id='word_1_35' title='bbox 234 1015 404 1078; x_wconf 78' lang='lat' dir='ltr'><strong>Caesarum</strong></span> <span class='ocrx_word' id='word_1_36' title='bbox 426 1013 517 1078; x_wconf 85' lang='lat' dir='ltr'><strong>aliam</strong></span> <span class='ocrx_word' id='word_1_37' title='bbox 538 1012 571 1078; x_wconf 94' lang='lat' dir='ltr'><strong>in</strong></span> <span class='ocrx_word' id='word_1_38' title='bbox 593 1015 722 1078; x_wconf 91' lang='lat' dir='ltr'><strong>domum</strong></span> <span class='ocrx_word' id='word_1_39' title='bbox 743 1012 850 1080; x_wconf 85' lang='lat' dir='ltr'><strong>lerret.</strong></span> <span class='ocrx_word' id='word_1_40' title='bbox 873 1011 914 1096; x_wconf 78' lang='grc'><strong>(3)</strong></span> <span class='ocrx_word' id='word_1_41' title='bbox 936 1010 1139 1099; x_wconf 80' lang='lat' dir='ltr'><strong>praevaluere</strong></span> <span class='ocrx_word' id='word_1_42' title='bbox 1160 1011 1236 1078; x_wconf 81' lang='lat' dir='ltr'><strong>laec</strong></span> <span class='ocrx_word' id='word_1_43' title='bbox 1256 1013 1361 1080; x_wconf 84' lang='lat' dir='ltr'><strong>adiuta</strong></span> <span class='ocrx_word' id='word_1_44' title='bbox 1375 1010 1565 1097; x_wconf 74' lang='lat' dir='ltr'><strong>Agrippinae</strong></span> 
     </span>
     <span class='ocr_line' id='line_1_6' title="bbox 233 1121 1589 1214; baseline 0.002 -24"><span class='ocrx_word' id='word_1_45' title='bbox 233 1125 418 1201; x_wconf 75' lang='lat' dir='ltr'><strong>inlecebris,</strong></span> <span class='ocrx_word' id='word_1_46' title='bbox 451 1147 532 1210; x_wconf 90' lang='lat' dir='ltr'><strong>qnae</strong></span> <span class='ocrx_word' id='word_1_47' title='bbox 559 1123 599 1191; x_wconf 89' lang='lat' dir='ltr'><strong>ad</strong></span> <span class='ocrx_word' id='word_1_48' title='bbox 626 1146 698 1190; x_wconf 90' lang='lat' dir='ltr'><strong>eum</strong></span> <span class='ocrx_word' id='word_1_49' title='bbox 725 1145 782 1212; x_wconf 89' lang='lat' dir='ltr'><strong>per</strong></span> <span class='ocrx_word' id='word_1_50' title='bbox 811 1129 948 1214; x_wconf 90' lang='lat' dir='ltr'><strong>speciem</strong></span> <span class='ocrx_word' id='word_1_51' title='bbox 976 1125 1215 1192; x_wconf 86' lang='lat' dir='ltr'><strong>necessitudinis</strong></span> <span class='ocrx_word' id='word_1_52' title='bbox 1242 1128 1357 1191; x_wconf 89' lang='lat' dir='ltr'><strong>crebro</strong></span> <span class='ocrx_word' id='word_1_53' title='bbox 1384 1121 1589 1194; x_wconf 81' lang='lat' dir='ltr'><strong>ventilandus</strong></span> 
     </span>
     <span class='ocr_line' id='line_1_7' title="bbox 221 1238 1567 1325; baseline -0.001 -22"><span class='ocrx_word' id='word_1_54' title='bbox 221 1238 354 1324; x_wconf 81' lang='lat' dir='ltr'><strong>pellicit</strong></span> <span class='ocrx_word' id='word_1_55' title='bbox 373 1247 535 1324; x_wconf 87' lang='lat' dir='ltr'><strong>patruum,</strong></span> <span class='ocrx_word' id='word_1_56' title='bbox 569 1247 604 1304; x_wconf 93' lang='lat' dir='ltr'><strong>nt</strong></span> <span class='ocrx_word' id='word_1_57' title='bbox 624 1238 760 1322; x_wconf 87' lang='lat' dir='ltr'><strong>praelata</strong></span> <span class='ocrx_word' id='word_1_58' title='bbox 782 1242 911 1319; x_wconf 89' lang='lat' dir='ltr'><strong>ceteris,</strong></span> <span class='ocrx_word' id='word_1_59' title='bbox 948 1247 979 1304; x_wconf 88' lang='lat' dir='ltr'><strong>el</strong></span> <span class='ocrx_word' id='word_1_60' title='bbox 999 1241 1139 1305; x_wconf 92' lang='lat' dir='ltr'><strong>nondum</strong></span> <span class='ocrx_word' id='word_1_61' title='bbox 1160 1257 1262 1315; x_wconf 87' lang='lat' dir='ltr'><strong>uxor,</strong></span> <span class='ocrx_word' id='word_1_62' title='bbox 1294 1239 1431 1325; x_wconf 86' lang='lat' dir='ltr'><strong>potentia</strong></span> <span class='ocrx_word' id='word_1_63' title='bbox 1455 1238 1567 1304; x_wconf 84' lang='lat' dir='ltr'><strong>uxoria</strong></span> 
     </span>
     <span class='ocr_line' id='line_1_8' title="bbox 235 1349 1568 1428; baseline 0 -12"><span class='ocrx_word' id='word_1_64' title='bbox 235 1352 298 1416; x_wconf 90' lang='lat' dir='ltr'><strong>iam</strong></span> <span class='ocrx_word' id='word_1_65' title='bbox 319 1360 472 1417; x_wconf 91' lang='lat' dir='ltr'><strong>uteretur.</strong></span> <span class='ocrx_word' id='word_1_66' title='bbox 510 1372 583 1416; x_wconf 91' lang='lat' dir='ltr'><strong>nam</strong></span> <span class='ocrx_word' id='word_1_67' title='bbox 605 1349 659 1416; x_wconf 90' lang='lat' dir='ltr'><strong>ubi</strong></span> <span class='ocrx_word' id='word_1_68' title='bbox 681 1353 729 1417; x_wconf 90' lang='lat' dir='ltr'><strong>sui</strong></span> <span class='ocrx_word' id='word_1_69' title='bbox 750 1350 943 1418; x_wconf 86' lang='lat' dir='ltr'><strong>matrimonii</strong></span> <span class='ocrx_word' id='word_1_70' title='bbox 967 1360 1053 1418; x_wconf 83' lang='lat' dir='ltr'><strong>certa</strong></span> <span class='ocrx_word' id='word_1_71' title='bbox 1084 1349 1159 1428; x_wconf 85' lang='lat' dir='ltr'><strong>fnit,</strong></span> <span class='ocrx_word' id='word_1_72' title='bbox 1189 1361 1311 1418; x_wconf 86' lang='lat' dir='ltr'><strong>struere</strong></span> <span class='ocrx_word' id='word_1_73' title='bbox 1340 1349 1475 1425; x_wconf 84' lang='lat' dir='ltr'><strong>maiora,</strong></span> <span class='ocrx_word' id='word_1_74' title='bbox 1510 1371 1568 1416; x_wconf 92' lang='lat' dir='ltr'><strong>uu-</strong></span> 
     </span>
     <span class='ocr_line' id='line_1_9' title="bbox 234 1462 1568 1550; baseline -0.001 -20"><span class='ocrx_word' id='word_1_75' title='bbox 234 1466 377 1550; x_wconf 90' lang='lat' dir='ltr'><strong>pliasque</strong></span> <span class='ocrx_word' id='word_1_76' title='bbox 394 1462 544 1541; x_wconf 86' lang='lat' dir='ltr'><strong>Domitii,</strong></span> <span class='ocrx_word' id='word_1_77' title='bbox 567 1484 662 1549; x_wconf 91' lang='lat' dir='ltr'><strong>quem</strong></span> <span class='ocrx_word' id='word_1_78' title='bbox 676 1486 717 1530; x_wconf 86' lang='lat' dir='ltr'><strong>ex</strong></span> <span class='ocrx_word' id='word_1_79' title='bbox 740 1469 799 1531; x_wconf 88' lang='lat' dir='ltr'><strong>Gn.</strong></span> <span class='ocrx_word' id='word_1_80' title='bbox 815 1462 1005 1531; x_wconf 79' lang='lat' dir='ltr'><strong>Aenobarbo</strong></span> <span class='ocrx_word' id='word_1_81' title='bbox 1027 1471 1192 1548; x_wconf 74' lang='lat' dir='ltr'><strong>genuerat,</strong></span> <span class='ocrx_word' id='word_1_82' title='bbox 1207 1473 1239 1530; x_wconf 90' lang='lat' dir='ltr'><strong>et</strong></span> <span class='ocrx_word' id='word_1_83' title='bbox 1260 1462 1407 1530; x_wconf 86' lang='lat' dir='ltr'><strong>Octaviae</strong></span> <span class='ocrx_word' id='word_1_84' title='bbox 1429 1463 1568 1530; x_wconf 60' lang='lat' dir='ltr'><strong>maaria</strong></span> 
     </span>
     <span class='ocr_line' id='line_1_10' title="bbox 234 1574 1566 1664; baseline -0.002 -21"><span class='ocrx_word' id='word_1_85' title='bbox 234 1575 317 1643; x_wconf 84' lang='lat' dir='ltr'><strong>filiae</strong></span> <span class='ocrx_word' id='word_1_86' title='bbox 337 1577 459 1656; x_wconf 78' lang='lat' dir='ltr'><strong>moliri3</strong></span> <span class='ocrx_word' id='word_1_87' title='bbox 496 1580 582 1663; x_wconf 91' lang='lat' dir='ltr'><strong>qnod</strong></span> <span class='ocrx_word' id='word_1_88' title='bbox 604 1577 672 1642; x_wconf 89' lang='lat' dir='ltr'><strong>sine</strong></span> <span class='ocrx_word' id='word_1_89' title='bbox 693 1577 811 1644; x_wconf 85' lang='lat' dir='ltr'><strong>scelere</strong></span> <span class='ocrx_word' id='word_1_90' title='bbox 833 1577 1008 1664; x_wconf 88' lang='lat' dir='ltr'><strong>perpetrari</strong></span> <span class='ocrx_word' id='word_1_91' title='bbox 1035 1595 1098 1642; x_wconf 93' lang='lat' dir='ltr'><strong>uon</strong></span> <span class='ocrx_word' id='word_1_92' title='bbox 1125 1585 1267 1660; x_wconf 84' lang='lat' dir='ltr'><strong>poterat,</strong></span> <span class='ocrx_word' id='word_1_93' title='bbox 1302 1575 1375 1664; x_wconf 88' lang='lat' dir='ltr'><strong>quia</strong></span> <span class='ocrx_word' id='word_1_94' title='bbox 1403 1578 1437 1642; x_wconf 90' lang='lat' dir='ltr'><strong>L.</strong></span> <span class='ocrx_word' id='word_1_95' title='bbox 1460 1574 1566 1640; x_wconf 88' lang='lat' dir='ltr'><strong>Silano</strong></span> 
     </span>
     <span class='ocr_line' id='line_1_11' title="bbox 234 1687 1606 1777; baseline 0 -22"><span class='ocrx_word' id='word_1_96' title='bbox 234 1689 445 1777; x_wconf 90' lang='lat' dir='ltr'><strong>desponderat</strong></span> <span class='ocrx_word' id='word_1_97' title='bbox 466 1691 627 1755; x_wconf 85' lang='lat' dir='ltr'><strong>Octaviam</strong></span> <span class='ocrx_word' id='word_1_98' title='bbox 655 1691 785 1764; x_wconf 86' lang='lat' dir='ltr'><strong>Caesar,</strong></span> <span class='ocrx_word' id='word_1_99' title='bbox 818 1689 1027 1776; x_wconf 75' lang='lat' dir='ltr'><strong>iuvenemque</strong></span> <span class='ocrx_word' id='word_1_100' title='bbox 1049 1696 1081 1754; x_wconf 87' lang='lat' dir='ltr'><strong>et</strong></span> <span class='ocrx_word' id='word_1_101' title='bbox 1101 1687 1163 1755; x_wconf 88' lang='lat' dir='ltr'><strong>alia</strong></span> <span class='ocrx_word' id='word_1_102' title='bbox 1184 1689 1302 1755; x_wconf 85' lang='lat' dir='ltr'><strong>clarum</strong></span> <span class='ocrx_word' id='word_1_103' title='bbox 1324 1687 1437 1774; x_wconf 76' lang='lat' dir='ltr'><strong>insigni</strong></span> <span class='ocrx_word' id='word_1_104' title='bbox 1459 1687 1606 1762; x_wconf 71' lang='lat' dir='ltr'><strong>trium-ss</strong></span> 
     </span>
     <span class='ocr_line' id='line_1_12' title="bbox 234 1800 1567 1890; baseline -0.005 -22"><span class='ocrx_word' id='word_1_105' title='bbox 234 1802 373 1890; x_wconf 83' lang='lat' dir='ltr'><strong>phalium</strong></span> <span class='ocrx_word' id='word_1_106' title='bbox 395 1811 427 1868; x_wconf 90' lang='lat' dir='ltr'><strong>et</strong></span> <span class='ocrx_word' id='word_1_107' title='bbox 447 1801 622 1886; x_wconf 72' lang='lat' dir='ltr'><strong>gladiatorii</strong></span> <span class='ocrx_word' id='word_1_108' title='bbox 651 1804 789 1868; x_wconf 88' lang='lat' dir='ltr'><strong>muueris</strong></span> <span class='ocrx_word' id='word_1_109' title='bbox 819 1801 1049 1886; x_wconf 75' lang='lat' dir='ltr'><strong>magnificentia</strong></span> <span class='ocrx_word' id='word_1_110' title='bbox 1077 1800 1252 1888; x_wconf 85' lang='lat' dir='ltr'><strong>protulerat</strong></span> <span class='ocrx_word' id='word_1_111' title='bbox 1278 1803 1317 1868; x_wconf 87' lang='lat' dir='ltr'><strong>ed</strong></span> <span class='ocrx_word' id='word_1_112' title='bbox 1347 1800 1451 1868; x_wconf 88' lang='lat' dir='ltr'><strong>studia</strong></span> <span class='ocrx_word' id='word_1_113' title='bbox 1471 1801 1567 1886; x_wconf 75' lang='lat' dir='ltr'><strong>vulgi.</strong></span> 
     </span>
     <span class='ocr_line' id='line_1_13' title="bbox 235 1913 1569 2001; baseline -0.001 -21"><span class='ocrx_word' id='word_1_114' title='bbox 235 1919 291 1980; x_wconf 87' lang='lat' dir='ltr'><strong>sed</strong></span> <span class='ocrx_word' id='word_1_115' title='bbox 311 1915 390 1981; x_wconf 82' lang='lat' dir='ltr'><strong>nihil</strong></span> <span class='ocrx_word' id='word_1_116' title='bbox 411 1919 544 1981; x_wconf 86' lang='lat' dir='ltr'><strong>arduum</strong></span> <span class='ocrx_word' id='word_1_117' title='bbox 565 1913 729 1981; x_wconf 87' lang='lat' dir='ltr'><strong>videbatur</strong></span> <span class='ocrx_word' id='word_1_118' title='bbox 750 1919 782 1981; x_wconf 91' lang='lat' dir='ltr'><strong>iu</strong></span> <span class='ocrx_word' id='word_1_119' title='bbox 799 1916 905 1980; x_wconf 88' lang='lat' dir='ltr'><strong>animo</strong></span> <span class='ocrx_word' id='word_1_120' title='bbox 932 1913 1096 2001; x_wconf 84' lang='lat' dir='ltr'><strong>principis.</strong></span> <span class='ocrx_word' id='word_1_121' title='bbox 1130 1917 1181 1980; x_wconf 90' lang='lat' dir='ltr'><strong>cui</strong></span> <span class='ocrx_word' id='word_1_122' title='bbox 1209 1935 1273 1980; x_wconf 92' lang='lat' dir='ltr'><strong>non</strong></span> <span class='ocrx_word' id='word_1_123' title='bbox 1303 1913 1471 1992; x_wconf 81' lang='lat' dir='ltr'><strong>iudicium,</strong></span> <span class='ocrx_word' id='word_1_124' title='bbox 1506 1934 1569 1980; x_wconf 90' lang='lat' dir='ltr'><strong>uon</strong></span> 
     </span>
     <span class='ocr_line' id='line_1_14' title="bbox 235 2026 1569 2113; baseline -0.001 -17"><span class='ocrx_word' id='word_1_125' title='bbox 235 2031 342 2096; x_wconf 91' lang='lat' dir='ltr'><strong>odium</strong></span> <span class='ocrx_word' id='word_1_126' title='bbox 364 2039 430 2094; x_wconf 87' lang='lat' dir='ltr'><strong>erat</strong></span> <span class='ocrx_word' id='word_1_127' title='bbox 450 2028 512 2094; x_wconf 89' lang='lat' dir='ltr'><strong>nisi</strong></span> <span class='ocrx_word' id='word_1_128' title='bbox 532 2027 630 2093; x_wconf 88' lang='lat' dir='ltr'><strong>indita</strong></span> <span class='ocrx_word' id='word_1_129' title='bbox 652 2037 684 2093; x_wconf 93' lang='lat' dir='ltr'><strong>et</strong></span> <span class='ocrx_word' id='word_1_130' title='bbox 704 2027 799 2094; x_wconf 88' lang='lat' dir='ltr'><strong>iussa.</strong></span> <span class='ocrx_word' id='word_1_131' title='bbox 833 2026 873 2113; x_wconf 78' lang='lat' dir='ltr'><strong>(l)</strong></span> <span class='ocrx_word' id='word_1_132' title='bbox 895 2027 993 2113; x_wconf 79' lang='lat' dir='ltr'><strong>igilur</strong></span> <span class='ocrx_word' id='word_1_133' title='bbox 1013 2027 1170 2103; x_wconf 85' lang='lat' dir='ltr'><strong>Vitellius,</strong></span> <span class='ocrx_word' id='word_1_134' title='bbox 1192 2029 1319 2094; x_wconf 87' lang='lat' dir='ltr'><strong>nomine</strong></span> <span class='ocrx_word' id='word_1_135' title='bbox 1341 2027 1480 2096; x_wconf 84' lang='lat' dir='ltr'><strong>censoris</strong></span> <span class='ocrx_word' id='word_1_136' title='bbox 1502 2048 1569 2094; x_wconf 89' lang='lat' dir='ltr'><strong>ser-</strong></span> 
     </span>
     <span class='ocr_line' id='line_1_15' title="bbox 235 2140 1569 2229; baseline 0 -21"><span class='ocrx_word' id='word_1_137' title='bbox 235 2143 312 2208; x_wconf 85' lang='lat' dir='ltr'><strong>viles</strong></span> <span class='ocrx_word' id='word_1_138' title='bbox 332 2140 470 2208; x_wconf 84' lang='lat' dir='ltr'><strong>iallacias</strong></span> <span class='ocrx_word' id='word_1_139' title='bbox 492 2146 643 2226; x_wconf 83' lang='lat' dir='ltr'><strong>obtegens</strong></span> <span class='ocrx_word' id='word_1_140' title='bbox 663 2140 941 2229; x_wconf 83' lang='lat' dir='ltr'><strong>ingruentiumque</strong></span> <span class='ocrx_word' id='word_1_141' title='bbox 963 2141 1211 2208; x_wconf 89' lang='lat' dir='ltr'><strong>dominationum</strong></span> <span class='ocrx_word' id='word_1_142' title='bbox 1231 2142 1395 2227; x_wconf 86' lang='lat' dir='ltr'><strong>provisor,</strong></span> <span class='ocrx_word' id='word_1_143' title='bbox 1419 2160 1483 2228; x_wconf 91' lang='lat' dir='ltr'><strong>quo</strong></span> <span class='ocrx_word' id='word_1_144' title='bbox 1498 2161 1569 2225; x_wconf 72' lang='lat' dir='ltr'><strong>qra-</strong></span> 
     </span>
    </p>
   </div>
   <div class='ocr_carea' id='block_1_3' title="bbox 235 2300 1571 2862">
    <p class='ocr_par' dir='ltr' id='par_1_3' title="bbox 235 2300 1571 2862">
     <span class='ocr_line' id='line_1_16' title="bbox 306 2300 1568 2369; baseline 0.001 -15"><span class='ocrx_word' id='word_1_145' title='bbox 306 2305 333 2355; x_wconf 89' lang='lat'><strong>1.</strong></span> <span class='ocrx_word' id='word_1_146' title='bbox 353 2304 465 2369; x_wconf 80' lang='lat' dir='ltr'><strong>dlqnom</strong></span> <span class='ocrx_word' id='word_1_147' title='bbox 489 2316 550 2356; x_wconf 83' lang='lat' dir='ltr'><strong>eum</strong></span> <span class='ocrx_word' id='word_1_148' title='bbox 575 2304 639 2354; x_wconf 81' lang='lat' dir='ltr'><strong>eod.</strong></span> <span class='ocrx_word' id='word_1_149' title='bbox 660 2304 721 2368; x_wconf 73' lang='lat' dir='ltr'><strong>Agr.</strong></span> <span class='ocrx_word' id='word_1_150' title='bbox 752 2300 903 2354; x_wconf 81' lang='lat' dir='ltr'><strong>Oberllnus.</strong></span> <span class='ocrx_word' id='word_1_151' title='bbox 941 2303 1098 2356; x_wconf 79' lang='lat' dir='ltr'><strong>Crltleorum</strong></span> <span class='ocrx_word' id='word_1_152' title='bbox 1125 2303 1157 2357; x_wconf 88' lang='lat' dir='ltr'><strong>de</strong></span> <span class='ocrx_word' id='word_1_153' title='bbox 1177 2304 1203 2355; x_wconf 80' lang='lat' dir='ltr'><strong>h.</strong></span> <span class='ocrx_word' id='word_1_154' title='bbox 1224 2304 1241 2355; x_wconf 94' lang='grc' dir='ltr'><strong>Ι.</strong></span> <span class='ocrx_word' id='word_1_155' title='bbox 1262 2303 1449 2357; x_wconf 80' lang='lat' dir='ltr'><strong>hartotattonea</strong></span> <span class='ocrx_word' id='word_1_156' title='bbox 1471 2314 1568 2366; x_wconf 83' lang='lat' dir='ltr'><strong>quaere</strong></span> 
     </span>
     <span class='ocr_line' id='line_1_17' title="bbox 236 2375 1570 2440; baseline -0.004 -10"><span class='ocrx_word' id='word_1_157' title='bbox 236 2375 306 2438; x_wconf 87' lang='lat' dir='ltr'><strong>apud</strong></span> <span class='ocrx_word' id='word_1_158' title='bbox 323 2375 498 2428; x_wconf 81' lang='lat' dir='ltr'><strong>waltherum·</strong></span> <span class='ocrx_word' id='word_1_159' title='bbox 534 2375 694 2428; x_wconf 81' lang='lat' dir='ltr'><strong>Doederletn</strong></span> <span class='ocrx_word' id='word_1_160' title='bbox 714 2383 876 2436; x_wconf 80' lang='lat' dir='ltr'><strong>susplcatur:</strong></span> <span class='ocrx_word' id='word_1_161' title='bbox 897 2378 1056 2438; x_wconf 77' lang='lat' dir='ltr'><strong>stirpemque</strong></span> <span class='ocrx_word' id='word_1_162' title='bbox 1072 2375 1186 2426; x_wconf 74' lang='lat' dir='ltr'><strong>aedilem</strong></span> <span class='ocrx_word' id='word_1_163' title='bbox 1203 2381 1227 2426; x_wconf 87' lang='lat' dir='ltr'><strong>et</strong></span> <span class='ocrx_word' id='word_1_164' title='bbox 1244 2375 1364 2440; x_wconf 70' lang='lat' dir='ltr'><strong>{amellos</strong></span> <span class='ocrx_word' id='word_1_165' title='bbox 1383 2375 1510 2426; x_wconf 79' lang='lat' dir='ltr'><strong>aeodtm</strong></span> <span class='ocrx_word' id='word_1_166' title='bbox 1523 2387 1570 2437; x_wconf 86' lang='lat' dir='ltr'><strong>po-</strong></span> 
     </span>
     <span class='ocr_line' id='line_1_18' title="bbox 235 2441 1571 2512; baseline -0.001 -17"><span class='ocrx_word' id='word_1_167' title='bbox 235 2453 318 2496; x_wconf 81' lang='lat' dir='ltr'><strong>steros</strong></span> <span class='ocrx_word' id='word_1_168' title='bbox 336 2449 512 2510; x_wconf 66' lang='lat' dir='ltr'><strong>contorpere.</strong></span> <span class='ocrx_word' id='word_1_169' title='bbox 551 2446 680 2507; x_wconf 82' lang='lat' dir='ltr'><strong>Equidem</strong></span> <span class='ocrx_word' id='word_1_170' title='bbox 699 2445 852 2506; x_wconf 80' lang='lat' dir='ltr'><strong>almplleuer</strong></span> <span class='ocrx_word' id='word_1_171' title='bbox 872 2458 917 2506; x_wconf 86' lang='lat' dir='ltr'><strong>pro</strong></span> <span class='ocrx_word' id='word_1_172' title='bbox 934 2449 1105 2508; x_wconf 79' lang='lat' dir='ltr'><strong>eonluuperet</strong></span> <span class='ocrx_word' id='word_1_173' title='bbox 1123 2449 1245 2506; x_wconf 78' lang='lat' dir='ltr'><strong>suspicor</strong></span> <span class='ocrx_word' id='word_1_174' title='bbox 1262 2447 1432 2512; x_wconf 83' lang='lat' dir='ltr'><strong>coutlnqeret.</strong></span> <span class='ocrx_word' id='word_1_175' title='bbox 1463 2441 1495 2498; x_wconf 78' lang='lat' dir='ltr'><strong>V.</strong></span> <span class='ocrx_word' id='word_1_176' title='bbox 1517 2444 1571 2495; x_wconf 78' lang='lat' dir='ltr'><strong>ad-</strong></span> 
     </span>
     <span class='ocr_line' id='line_1_19' title="bbox 237 2513 1569 2582; baseline 0 -16"><span class='ocrx_word' id='word_1_177' title='bbox 237 2523 330 2567; x_wconf 81' lang='lat' dir='ltr'><strong>nouat.</strong></span> <span class='ocrx_word' id='word_1_178' title='bbox 352 2541 380 2552; x_wconf 96' lang='lat'>-</span> <span class='ocrx_word' id='word_1_179' title='bbox 400 2517 425 2565; x_wconf 97' lang='grc'><strong>3.</strong></span> <span class='ocrx_word' id='word_1_180' title='bbox 447 2517 533 2567; x_wconf 78' lang='lat' dir='ltr'><strong>Habet</strong></span> <span class='ocrx_word' id='word_1_181' title='bbox 548 2531 582 2566; x_wconf 82' lang='lat' dir='ltr'><strong>sae</strong></span> <span class='ocrx_word' id='word_1_182' title='bbox 598 2515 644 2577; x_wconf 88' lang='lat' dir='ltr'><strong>u,</strong></span> <span class='ocrx_word' id='word_1_183' title='bbox 663 2530 716 2566; x_wconf 91' lang='lat' dir='ltr'><strong>non</strong></span> <span class='ocrx_word' id='word_1_184' title='bbox 734 2528 782 2564; x_wconf 80' lang='lat' dir='ltr'><strong>nee</strong></span> <span class='ocrx_word' id='word_1_185' title='bbox 800 2517 865 2578; x_wconf 73' lang='lat' dir='ltr'><strong>itaq.</strong></span> <span class='ocrx_word' id='word_1_186' title='bbox 886 2539 916 2552; x_wconf 92' lang='lat'><strong>···</strong></span> <span class='ocrx_word' id='word_1_187' title='bbox 937 2521 1046 2578; x_wconf 76' lang='lat' dir='ltr'><strong>seperta</strong></span> <span class='ocrx_word' id='word_1_188' title='bbox 1064 2513 1101 2566; x_wconf 91' lang='grc' dir='ltr'><strong>Μ.</strong></span> <span class='ocrx_word' id='word_1_189' title='bbox 1122 2517 1298 2567; x_wconf 81' lang='lat' dir='ltr'><strong>Emendaturn</strong></span> <span class='ocrx_word' id='word_1_190' title='bbox 1312 2529 1342 2569; x_wconf 81' lang='lat' dir='ltr'><strong>er</strong></span> <span class='ocrx_word' id='word_1_191' title='bbox 1356 2519 1417 2582; x_wconf 68' lang='lat' dir='ltr'><strong>apr.</strong></span> <span class='ocrx_word' id='word_1_192' title='bbox 1432 2515 1569 2580; x_wconf 69' lang='lat' dir='ltr'><strong>adpelle.</strong></span> 
     </span>
     <span class='ocr_line' id='line_1_20' title="bbox 238 2585 1569 2651; baseline 0.002 -16"><span class='ocrx_word' id='word_1_193' title='bbox 238 2611 267 2624; x_wconf 92' lang='lat'><em>—</em></span> <span class='ocrx_word' id='word_1_194' title='bbox 287 2587 313 2635; x_wconf 81' lang='lat'><strong>5.</strong></span> <span class='ocrx_word' id='word_1_195' title='bbox 332 2587 380 2636; x_wconf 77' lang='lat' dir='ltr'><strong>int.</strong></span> <span class='ocrx_word' id='word_1_196' title='bbox 399 2587 444 2638; x_wconf 78' lang='lat' dir='ltr'><strong>u:</strong></span> <span class='ocrx_word' id='word_1_197' title='bbox 462 2587 501 2636; x_wconf 85' lang='lat' dir='ltr'><strong>ul.</strong></span> <span class='ocrx_word' id='word_1_198' title='bbox 521 2586 553 2635; x_wconf 83' lang='lat' dir='ltr'><strong>B.</strong></span> <span class='ocrx_word' id='word_1_199' title='bbox 584 2610 614 2623; x_wconf 93' lang='lat'><strong>·-</strong></span> <span class='ocrx_word' id='word_1_200' title='bbox 642 2599 710 2649; x_wconf 87' lang='lat' dir='ltr'><strong>quoe</strong></span> <span class='ocrx_word' id='word_1_201' title='bbox 728 2598 780 2635; x_wconf 91' lang='lat' dir='ltr'><strong>om.</strong></span> <span class='ocrx_word' id='word_1_202' title='bbox 801 2587 839 2637; x_wconf 83' lang='lat' dir='ltr'><strong>lt.</strong></span> <span class='ocrx_word' id='word_1_203' title='bbox 860 2585 1016 2647; x_wconf 84' lang='lat' dir='ltr'><strong>Suppletum</strong></span> <span class='ocrx_word' id='word_1_204' title='bbox 1036 2593 1075 2638; x_wconf 88' lang='lat' dir='ltr'><strong>ert</strong></span> <span class='ocrx_word' id='word_1_205' title='bbox 1092 2589 1118 2637; x_wconf 89' lang='lat' dir='ltr'><strong>tn</strong></span> <span class='ocrx_word' id='word_1_206' title='bbox 1138 2587 1206 2648; x_wconf 81' lang='lat' dir='ltr'><strong>Splr.</strong></span> <span class='ocrx_word' id='word_1_207' title='bbox 1225 2611 1258 2622; x_wconf 89' lang='lat'>-</span> <span class='ocrx_word' id='word_1_208' title='bbox 1278 2587 1303 2636; x_wconf 87' lang='lat' dir='ltr'><strong>e.</strong></span> <span class='ocrx_word' id='word_1_209' title='bbox 1321 2588 1460 2651; x_wconf 79' lang='lat' dir='ltr'><strong>peotestlo</strong></span> <span class='ocrx_word' id='word_1_210' title='bbox 1478 2585 1516 2637; x_wconf 87' lang='grc' dir='ltr'><strong>Μ.</strong></span> <span class='ocrx_word' id='word_1_211' title='bbox 1537 2609 1569 2622; x_wconf 95' lang='grc'>-</span> 
     </span>
     <span class='ocr_line' id='line_1_21' title="bbox 236 2653 1570 2719; baseline 0.001 -14"><span class='ocrx_word' id='word_1_212' title='bbox 236 2657 263 2705; x_wconf 85' lang='lat'><strong>8.</strong></span> <span class='ocrx_word' id='word_1_213' title='bbox 283 2653 334 2706; x_wconf 83' lang='lat' dir='ltr'><strong>Gra.</strong></span> <span class='ocrx_word' id='word_1_214' title='bbox 354 2657 396 2708; x_wconf 88' lang='lat' dir='ltr'><strong>lt:</strong></span> <span class='ocrx_word' id='word_1_215' title='bbox 416 2656 506 2708; x_wconf 74' lang='lat' dir='ltr'><strong>Gnaeo</strong></span> <span class='ocrx_word' id='word_1_216' title='bbox 524 2655 554 2706; x_wconf 83' lang='lat' dir='ltr'><strong>u.</strong></span> <span class='ocrx_word' id='word_1_217' title='bbox 573 2681 605 2693; x_wconf 91' lang='lat'><em>-</em></span> <span class='ocrx_word' id='word_1_218' title='bbox 625 2657 772 2707; x_wconf 68' lang='lat' dir='ltr'><strong>mnodurdo</strong></span> <span class='ocrx_word' id='word_1_219' title='bbox 789 2657 827 2706; x_wconf 86' lang='grc' dir='ltr'><strong>Μ.</strong></span> <span class='ocrx_word' id='word_1_220' title='bbox 847 2657 928 2708; x_wconf 81' lang='lat' dir='ltr'><strong>Recta</strong></span> <span class='ocrx_word' id='word_1_221' title='bbox 947 2660 1134 2719; x_wconf 76' lang='lat' dir='ltr'><strong>scriptumest</strong></span> <span class='ocrx_word' id='word_1_222' title='bbox 1155 2661 1181 2708; x_wconf 91' lang='lat' dir='ltr'><strong>tn</strong></span> <span class='ocrx_word' id='word_1_223' title='bbox 1201 2655 1288 2708; x_wconf 78' lang='lat' dir='ltr'><strong>Goelt.</strong></span> <span class='ocrx_word' id='word_1_224' title='bbox 1303 2681 1333 2694; x_wconf 91' lang='lat'>-</span> <span class='ocrx_word' id='word_1_225' title='bbox 1347 2657 1373 2710; x_wconf 81' lang='grc'><strong>3.</strong></span> <span class='ocrx_word' id='word_1_226' title='bbox 1388 2657 1417 2708; x_wconf 84' lang='grc' dir='ltr'><strong>Ι..</strong></span> <span class='ocrx_word' id='word_1_227' title='bbox 1432 2657 1476 2710; x_wconf 82' lang='grc' dir='ltr'><strong>Μι</strong></span> <span class='ocrx_word' id='word_1_228' title='bbox 1489 2655 1570 2706; x_wconf 80' lang='lat' dir='ltr'><strong>Luele</strong></span> 
     </span>
     <span class='ocr_line' id='line_1_22' title="bbox 237 2725 1570 2791; baseline 0 -14"><span class='ocrx_word' id='word_1_229' title='bbox 237 2727 267 2777; x_wconf 84' lang='lat' dir='ltr'><strong>ll.</strong></span> <span class='ocrx_word' id='word_1_230' title='bbox 287 2751 318 2762; x_wconf 89' lang='lat'>-</span> <span class='ocrx_word' id='word_1_231' title='bbox 340 2727 427 2778; x_wconf 72' lang='lat' dir='ltr'><strong>debet</strong></span> <span class='ocrx_word' id='word_1_232' title='bbox 443 2726 536 2776; x_wconf 71' lang='lat' dir='ltr'><strong>sunno</strong></span> <span class='ocrx_word' id='word_1_233' title='bbox 553 2727 600 2783; x_wconf 88' lang='lat' dir='ltr'><strong>lt.</strong></span> <span class='ocrx_word' id='word_1_234' title='bbox 620 2740 672 2778; x_wconf 91' lang='lat' dir='ltr'><strong>nou</strong></span> <span class='ocrx_word' id='word_1_235' title='bbox 691 2727 792 2778; x_wconf 76' lang='lat' dir='ltr'><strong>sillone</strong></span> <span class='ocrx_word' id='word_1_236' title='bbox 811 2727 902 2788; x_wconf 78' lang='lat' dir='ltr'><strong>suls..</strong></span> <span class='ocrx_word' id='word_1_237' title='bbox 926 2740 976 2777; x_wconf 86' lang='lat' dir='ltr'><strong>uec</strong></span> <span class='ocrx_word' id='word_1_238' title='bbox 996 2727 1104 2791; x_wconf 74' lang='lat' dir='ltr'><strong>Syllano</strong></span> <span class='ocrx_word' id='word_1_239' title='bbox 1124 2725 1212 2780; x_wconf 86' lang='lat' dir='ltr'><strong>Guelt.</strong></span> <span class='ocrx_word' id='word_1_240' title='bbox 1234 2753 1263 2765; x_wconf 89' lang='lat'>-</span> <span class='ocrx_word' id='word_1_241' title='bbox 1285 2727 1328 2778; x_wconf 86' lang='lat'><strong>1⁰.</strong></span> <span class='ocrx_word' id='word_1_242' title='bbox 1348 2729 1416 2780; x_wconf 70' lang='lat' dir='ltr'><strong>udus</strong></span> <span class='ocrx_word' id='word_1_243' title='bbox 1436 2728 1570 2780; x_wconf 74' lang='lat' dir='ltr'><strong>dumtaxat</strong></span> 
     </span>
     <span class='ocr_line' id='line_1_23' title="bbox 237 2794 1240 2862; baseline 0 -15"><span class='ocrx_word' id='word_1_244' title='bbox 237 2811 268 2848; x_wconf 83' lang='lat' dir='ltr'><strong>en</strong></span> <span class='ocrx_word' id='word_1_245' title='bbox 287 2801 385 2849; x_wconf 86' lang='lat' dir='ltr'><strong>recentt</strong></span> <span class='ocrx_word' id='word_1_246' title='bbox 404 2809 471 2848; x_wconf 86' lang='lat' dir='ltr'><strong>corr·</strong></span> <span class='ocrx_word' id='word_1_247' title='bbox 491 2797 529 2848; x_wconf 89' lang='grc' dir='ltr'><strong>Μ.</strong></span> <span class='ocrx_word' id='word_1_248' title='bbox 548 2797 616 2860; x_wconf 82' lang='lat' dir='ltr'><strong>(olla</strong></span> <span class='ocrx_word' id='word_1_249' title='bbox 633 2804 703 2850; x_wconf 86' lang='lat' dir='ltr'><strong>recte</strong></span> <span class='ocrx_word' id='word_1_250' title='bbox 723 2811 763 2860; x_wconf 88' lang='lat' dir='ltr'><strong>pr.</strong></span> <span class='ocrx_word' id='word_1_251' title='bbox 782 2797 811 2850; x_wconf 91' lang='grc' dir='ltr'><strong>Μ</strong></span> <span class='ocrx_word' id='word_1_252' title='bbox 829 2805 856 2849; x_wconf 90' lang='lat' dir='ltr'><strong>et</strong></span> <span class='ocrx_word' id='word_1_253' title='bbox 875 2794 973 2862; x_wconf 79' lang='lat' dir='ltr'><strong>Valle.)</strong></span> <span class='ocrx_word' id='word_1_254' title='bbox 993 2823 1021 2835; x_wconf 94' lang='lat'>-</span> <span class='ocrx_word' id='word_1_255' title='bbox 1042 2798 1086 2848; x_wconf 74' lang='grc'><strong>13.</strong></span> <span class='ocrx_word' id='word_1_256' title='bbox 1105 2799 1186 2848; x_wconf 82' lang='lat' dir='ltr'><strong>ulelll</strong></span> <span class='ocrx_word' id='word_1_257' title='bbox 1203 2797 1240 2850; x_wconf 94' lang='grc' dir='ltr'><strong>Μ.</strong></span> 
     </span>
    </p>
   </div>
   <div class='ocr_carea' id='block_1_4' title="bbox 235 2946 1628 5254">
    <p class='ocr_par' dir='ltr' id='par_1_4' title="bbox 235 2946 1628 3816">
     <span class='ocr_line' id='line_1_24' title="bbox 235 2946 1571 3016; baseline 0.002 -15"><span class='ocrx_word' id='word_1_258' title='bbox 235 2955 343 3010; x_wconf 75' lang='lat' dir='ltr'><strong>oleum,</strong></span> <span class='ocrx_word' id='word_1_259' title='bbox 375 2950 481 3002; x_wconf 90' lang='lat' dir='ltr'><strong>tolerart</strong></span> <span class='ocrx_word' id='word_1_260' title='bbox 509 2958 600 3014; x_wconf 83' lang='lat' dir='ltr'><strong>posset</strong></span> <span class='ocrx_word' id='word_1_261' title='bbox 618 2950 683 3001; x_wconf 79' lang='lat' dir='ltr'><strong>Cod.</strong></span> <span class='ocrx_word' id='word_1_262' title='bbox 703 2950 777 3002; x_wconf 83' lang='lat' dir='ltr'><strong>lted.</strong></span> <span class='ocrx_word' id='word_1_263' title='bbox 795 2946 885 3003; x_wconf 76' lang='lat' dir='ltr'><strong>eleale·</strong></span> <span class='ocrx_word' id='word_1_264' title='bbox 921 2953 1005 3013; x_wconf 67' lang='lat' dir='ltr'><strong>gentle</strong></span> <span class='ocrx_word' id='word_1_265' title='bbox 1023 2951 1241 3013; x_wconf 78' lang='lat' dir='ltr'><strong>amplitudinem.</strong></span> <span class='ocrx_word' id='word_1_266' title='bbox 1260 2954 1296 3004; x_wconf 83' lang='lat' dir='ltr'><strong>tta</strong></span> <span class='ocrx_word' id='word_1_267' title='bbox 1314 2959 1345 3002; x_wconf 90' lang='lat' dir='ltr'><strong>ut</strong></span> <span class='ocrx_word' id='word_1_268' title='bbox 1364 2966 1387 3006; x_wconf 85' lang='lat' dir='ltr'><strong>r.</strong></span> <span class='ocrx_word' id='word_1_269' title='bbox 1405 2951 1571 3016; x_wconf 65' lang='lat' dir='ltr'><strong>[mulsere</strong></span> 
     </span>
     <span class='ocr_line' id='line_1_25' title="bbox 235 3029 1572 3096; baseline 0 -14"><span class='ocrx_word' id='word_1_270' title='bbox 235 3029 333 3094; x_wconf 72' lang='lat' dir='ltr'><strong>dares,</strong></span> <span class='ocrx_word' id='word_1_271' title='bbox 353 3032 401 3083; x_wconf 84' lang='lat' dir='ltr'><strong>ted</strong></span> <span class='ocrx_word' id='word_1_272' title='bbox 420 3029 464 3082; x_wconf 83' lang='lat' dir='ltr'><strong>nte</strong></span> <span class='ocrx_word' id='word_1_273' title='bbox 481 3033 664 3082; x_wconf 81' lang='lat' dir='ltr'><strong>tantummodo</strong></span> <span class='ocrx_word' id='word_1_274' title='bbox 678 3044 694 3081; x_wconf 93' lang='lat' dir='ltr'><strong>e</strong></span> <span class='ocrx_word' id='word_1_275' title='bbox 706 3035 816 3096; x_wconf 67' lang='lat' dir='ltr'><strong>peplum</strong></span> <span class='ocrx_word' id='word_1_276' title='bbox 832 3031 883 3081; x_wconf 84' lang='lat' dir='ltr'><strong>dne</strong></span> <span class='ocrx_word' id='word_1_277' title='bbox 922 3033 1029 3094; x_wconf 78' lang='lat' dir='ltr'><strong>propalo</strong></span> <span class='ocrx_word' id='word_1_278' title='bbox 1046 3044 1070 3082; x_wconf 81' lang='lat' dir='ltr'><strong>r·</strong></span> <span class='ocrx_word' id='word_1_279' title='bbox 1090 3033 1174 3096; x_wconf 79' lang='lat' dir='ltr'><strong>pantu</strong></span> <span class='ocrx_word' id='word_1_280' title='bbox 1196 3033 1310 3093; x_wconf 77' lang='lat' dir='ltr'><strong>puellum</strong></span> <span class='ocrx_word' id='word_1_281' title='bbox 1334 3035 1378 3093; x_wconf 81' lang='lat' dir='ltr'><strong>stt,</strong></span> <span class='ocrx_word' id='word_1_282' title='bbox 1401 3032 1572 3096; x_wconf 74' lang='lat' dir='ltr'><strong>quemadmo-</strong></span> 
     </span>
     <span class='ocr_line' id='line_1_26' title="bbox 237 3109 1571 3174; baseline 0.001 -12"><span class='ocrx_word' id='word_1_283' title='bbox 237 3119 323 3162; x_wconf 89' lang='lat' dir='ltr'><strong>ortum</strong></span> <span class='ocrx_word' id='word_1_284' title='bbox 341 3116 390 3164; x_wconf 84' lang='lat' dir='ltr'><strong>eat.</strong></span> <span class='ocrx_word' id='word_1_285' title='bbox 408 3133 437 3144; x_wconf 94' lang='lat'><em>-</em></span> <span class='ocrx_word' id='word_1_286' title='bbox 457 3109 520 3174; x_wconf 82' lang='lat' dir='ltr'><strong>aula]</strong></span> <span class='ocrx_word' id='word_1_287' title='bbox 540 3111 680 3172; x_wconf 74' lang='lat' dir='ltr'><strong>detentae,</strong></span> <span class='ocrx_word' id='word_1_288' title='bbox 691 3125 769 3174; x_wconf 85' lang='lat' dir='ltr'><strong>quam</strong></span> <span class='ocrx_word' id='word_1_289' title='bbox 780 3113 885 3171; x_wconf 69' lang='lat' dir='ltr'><strong>renuta-</strong></span> <span class='ocrx_word' id='word_1_290' title='bbox 922 3110 985 3162; x_wconf 91' lang='lat' dir='ltr'><strong>dum</strong></span> <span class='ocrx_word' id='word_1_291' title='bbox 998 3111 1060 3161; x_wconf 83' lang='lat' dir='ltr'><strong>altbl</strong></span> <span class='ocrx_word' id='word_1_292' title='bbox 1075 3124 1182 3174; x_wconf 81' lang='lat' dir='ltr'><strong>quoque</strong></span> <span class='ocrx_word' id='word_1_293' title='bbox 1197 3111 1268 3174; x_wconf 85' lang='lat' dir='ltr'><strong>apud</strong></span> <span class='ocrx_word' id='word_1_294' title='bbox 1281 3111 1413 3172; x_wconf 77' lang='lat' dir='ltr'><strong>Taetrum,</strong></span> <span class='ocrx_word' id='word_1_295' title='bbox 1432 3111 1513 3164; x_wconf 79' lang='lat' dir='ltr'><strong>veltrtl</strong></span> <span class='ocrx_word' id='word_1_296' title='bbox 1538 3111 1571 3163; x_wconf 82' lang='lat' dir='ltr'><strong>de</strong></span> 
     </span>
     <span class='ocr_line' id='line_1_27' title="bbox 236 3188 1572 3255; baseline -0.001 -13"><span class='ocrx_word' id='word_1_297' title='bbox 236 3197 286 3252; x_wconf 85' lang='lat' dir='ltr'><strong>set,</strong></span> <span class='ocrx_word' id='word_1_298' title='bbox 300 3198 328 3242; x_wconf 86' lang='lat' dir='ltr'><strong>et</strong></span> <span class='ocrx_word' id='word_1_299' title='bbox 345 3191 401 3241; x_wconf 86' lang='lat' dir='ltr'><strong>altla</strong></span> <span class='ocrx_word' id='word_1_300' title='bbox 415 3190 524 3242; x_wconf 84' lang='lat' dir='ltr'><strong>tortasse</strong></span> <span class='ocrx_word' id='word_1_301' title='bbox 538 3191 636 3252; x_wconf 79' lang='lat' dir='ltr'><strong>ilberto,</strong></span> <span class='ocrx_word' id='word_1_302' title='bbox 652 3205 717 3254; x_wconf 83' lang='lat' dir='ltr'><strong>quea</strong></span> <span class='ocrx_word' id='word_1_303' title='bbox 730 3205 761 3242; x_wconf 84' lang='lat' dir='ltr'><strong>er</strong></span> <span class='ocrx_word' id='word_1_304' title='bbox 774 3189 884 3242; x_wconf 86' lang='lat' dir='ltr'><strong>Cleudle</strong></span> <span class='ocrx_word' id='word_1_305' title='bbox 922 3193 979 3252; x_wconf 86' lang='lat' dir='ltr'><strong>tpaa</strong></span> <span class='ocrx_word' id='word_1_306' title='bbox 998 3190 1105 3243; x_wconf 86' lang='lat' dir='ltr'><strong>Claudla</strong></span> <span class='ocrx_word' id='word_1_307' title='bbox 1123 3197 1199 3255; x_wconf 67' lang='lat' dir='ltr'><strong>gente</strong></span> <span class='ocrx_word' id='word_1_308' title='bbox 1219 3192 1252 3245; x_wconf 88' lang='lat' dir='ltr'><strong>l.</strong></span> <span class='ocrx_word' id='word_1_309' title='bbox 1281 3188 1314 3240; x_wconf 75' lang='lat' dir='ltr'><strong>d:</strong></span> <span class='ocrx_word' id='word_1_310' title='bbox 1341 3191 1423 3241; x_wconf 80' lang='lat' dir='ltr'><strong>latita</strong></span> <span class='ocrx_word' id='word_1_311' title='bbox 1445 3191 1572 3242; x_wconf 81' lang='lat' dir='ltr'><strong>Cleudlus</strong></span> 
     </span>
     <span class='ocr_line' id='line_1_28' title="bbox 238 3268 1574 3334; baseline 0.001 -12"><span class='ocrx_word' id='word_1_312' title='bbox 238 3279 397 3334; x_wconf 77' lang='lat' dir='ltr'><strong>conceptura</strong></span> <span class='ocrx_word' id='word_1_313' title='bbox 417 3277 497 3323; x_wconf 76' lang='lat' dir='ltr'><strong>earet.</strong></span> <span class='ocrx_word' id='word_1_314' title='bbox 517 3297 550 3308; x_wconf 93' lang='lat'>-</span> <span class='ocrx_word' id='word_1_315' title='bbox 578 3268 707 3334; x_wconf 76' lang='lat' dir='ltr'><strong>duclda&#39;o]</strong></span> <span class='ocrx_word' id='word_1_316' title='bbox 735 3271 805 3322; x_wconf 82' lang='lat' dir='ltr'><strong>llale</strong></span> <span class='ocrx_word' id='word_1_317' title='bbox 823 3283 884 3320; x_wconf 86' lang='lat' dir='ltr'><strong>eum</strong></span> <span class='ocrx_word' id='word_1_318' title='bbox 920 3269 1039 3334; x_wconf 67' lang='lat' dir='ltr'><strong>tumulae</strong></span> <span class='ocrx_word' id='word_1_319' title='bbox 1056 3271 1185 3334; x_wconf 76' lang='lat' dir='ltr'><strong>mpertsn.</strong></span> <span class='ocrx_word' id='word_1_320' title='bbox 1205 3268 1247 3334; x_wconf 76' lang='lat' dir='ltr'><strong>(d,</strong></span> <span class='ocrx_word' id='word_1_321' title='bbox 1266 3269 1320 3320; x_wconf 81' lang='lat' dir='ltr'><strong>tu:</strong></span> <span class='ocrx_word' id='word_1_322' title='bbox 1339 3270 1442 3322; x_wconf 82' lang='lat' dir='ltr'><strong>medleo</strong></span> <span class='ocrx_word' id='word_1_323' title='bbox 1459 3283 1509 3322; x_wconf 78' lang='lat' dir='ltr'><strong>aaa</strong></span> <span class='ocrx_word' id='word_1_324' title='bbox 1524 3271 1574 3324; x_wconf 74' lang='lat' dir='ltr'><strong>Su·</strong></span> 
     </span>
     <span class='ocr_line' id='line_1_29' title="bbox 237 3350 1571 3416; baseline 0.002 -15"><span class='ocrx_word' id='word_1_325' title='bbox 237 3351 383 3404; x_wconf 83' lang='lat' dir='ltr'><strong>Puteolano</strong></span> <span class='ocrx_word' id='word_1_326' title='bbox 406 3351 526 3414; x_wconf 85' lang='lat' dir='ltr'><strong>plerlque</strong></span> <span class='ocrx_word' id='word_1_327' title='bbox 549 3351 611 3401; x_wconf 86' lang='lat' dir='ltr'><strong>oltnn</strong></span> <span class='ocrx_word' id='word_1_328' title='bbox 630 3352 744 3404; x_wconf 77' lang='lat' dir='ltr'><strong>edebant</strong></span> <span class='ocrx_word' id='word_1_329' title='bbox 762 3351 882 3401; x_wconf 81' lang='lat' dir='ltr'><strong>dlarldlo.</strong></span> <span class='ocrx_word' id='word_1_330' title='bbox 922 3351 1012 3400; x_wconf 75' lang='lat' dir='ltr'><strong>ulnam</strong></span> <span class='ocrx_word' id='word_1_331' title='bbox 1038 3350 1211 3416; x_wconf 78' lang='lat' dir='ltr'><strong>eostlupedut.</strong></span> <span class='ocrx_word' id='word_1_332' title='bbox 1254 3350 1356 3403; x_wconf 83' lang='lat' dir='ltr'><strong>Seueea</strong></span> <span class='ocrx_word' id='word_1_333' title='bbox 1389 3353 1417 3403; x_wconf 91' lang='lat' dir='ltr'><strong>ln</strong></span> <span class='ocrx_word' id='word_1_334' title='bbox 1442 3351 1518 3402; x_wconf 83' lang='lat' dir='ltr'><strong>Ludo</strong></span> <span class='ocrx_word' id='word_1_335' title='bbox 1544 3363 1571 3414; x_wconf 83' lang='lat' dir='ltr'><strong>p.</strong></span> 
     </span>
     <span class='ocr_line' id='line_1_30' title="bbox 238 3428 1573 3494; baseline -0.001 -13"><span class='ocrx_word' id='word_1_336' title='bbox 238 3432 305 3482; x_wconf 85' lang='lat' dir='ltr'><strong>Vlde</strong></span> <span class='ocrx_word' id='word_1_337' title='bbox 329 3431 435 3494; x_wconf 72' lang='lat' dir='ltr'><strong>Madvig</strong></span> <span class='ocrx_word' id='word_1_338' title='bbox 461 3433 494 3483; x_wconf 89' lang='lat' dir='ltr'><strong>ad</strong></span> <span class='ocrx_word' id='word_1_339' title='bbox 521 3430 577 3481; x_wconf 79' lang='lat' dir='ltr'><strong>Cle.</strong></span> <span class='ocrx_word' id='word_1_340' title='bbox 605 3432 637 3482; x_wconf 88' lang='lat' dir='ltr'><strong>de</strong></span> <span class='ocrx_word' id='word_1_341' title='bbox 656 3432 733 3482; x_wconf 76' lang='lat' dir='ltr'><strong>Flnn.</strong></span> <span class='ocrx_word' id='word_1_342' title='bbox 761 3444 786 3492; x_wconf 91' lang='lat' dir='ltr'><strong>p.</strong></span> <span class='ocrx_word' id='word_1_343' title='bbox 811 3431 884 3480; x_wconf 82' lang='lat' dir='ltr'><strong>uta:</strong></span> <span class='ocrx_word' id='word_1_344' title='bbox 921 3430 983 3481; x_wconf 80' lang='grc'><strong>853.</strong></span> <span class='ocrx_word' id='word_1_345' title='bbox 1005 3428 1107 3481; x_wconf 69' lang='lat' dir='ltr'><strong>tirum:</strong></span> <span class='ocrx_word' id='word_1_346' title='bbox 1133 3443 1190 3480; x_wconf 84' lang='lat' dir='ltr'><strong>eura</strong></span> <span class='ocrx_word' id='word_1_347' title='bbox 1216 3429 1251 3480; x_wconf 83' lang='lat' dir='ltr'><strong>D.</strong></span> <span class='ocrx_word' id='word_1_348' title='bbox 1275 3428 1401 3482; x_wconf 77' lang='lat' dir='ltr'><strong>tluudlul</strong></span> <span class='ocrx_word' id='word_1_349' title='bbox 1424 3430 1459 3482; x_wconf 82' lang='lat' dir='ltr'><strong>D.</strong></span> <span class='ocrx_word' id='word_1_350' title='bbox 1483 3431 1573 3493; x_wconf 70' lang='lat' dir='ltr'><strong>Auaro-</strong></span> 
     </span>
     <span class='ocr_line' id='line_1_31' title="bbox 240 3506 1572 3574; baseline 0.002 -14"><span class='ocrx_word' id='word_1_351' title='bbox 240 3511 476 3572; x_wconf 70' lang='lat' dir='ltr'><strong>«Demomtrotur,</strong></span> <span class='ocrx_word' id='word_1_352' title='bbox 507 3511 646 3562; x_wconf 87' lang='lat' dir='ltr'><strong>dtssldlum</strong></span> <span class='ocrx_word' id='word_1_353' title='bbox 671 3525 727 3561; x_wconf 75' lang='lat' dir='ltr'><strong>uuo</strong></span> <span class='ocrx_word' id='word_1_354' title='bbox 744 3524 796 3562; x_wconf 80' lang='lat' dir='ltr'><strong>erae</strong></span> <span class='ocrx_word' id='word_1_355' title='bbox 812 3511 886 3563; x_wconf 81' lang='lat' dir='ltr'><strong>Luti-</strong></span> <span class='ocrx_word' id='word_1_356' title='bbox 921 3516 989 3560; x_wconf 84' lang='lat' dir='ltr'><strong>atum</strong></span> <span class='ocrx_word' id='word_1_357' title='bbox 1011 3511 1141 3573; x_wconf 76' lang='lat' dir='ltr'><strong>sanquine</strong></span> <span class='ocrx_word' id='word_1_358' title='bbox 1167 3509 1326 3573; x_wconf 72' lang='lat' dir='ltr'><strong>seminent.)</strong></span> <span class='ocrx_word' id='word_1_359' title='bbox 1352 3533 1382 3548; x_wconf 90' lang='lat'><strong>·-</strong></span> <span class='ocrx_word' id='word_1_360' title='bbox 1413 3524 1446 3562; x_wconf 79' lang='grc' dir='ltr'><strong>ιιι</strong></span> <span class='ocrx_word' id='word_1_361' title='bbox 1463 3506 1572 3574; x_wconf 69' lang='lat' dir='ltr'><strong>[mim]</strong></span> 
     </span>
     <span class='ocr_line' id='line_1_32' title="bbox 237 3581 1628 3655; baseline 0 -13"><span class='ocrx_word' id='word_1_362' title='bbox 237 3606 300 3642; x_wconf 79' lang='lat' dir='ltr'><strong>mm</strong></span> <span class='ocrx_word' id='word_1_363' title='bbox 327 3603 417 3641; x_wconf 80' lang='lat' dir='ltr'><strong>uocem</strong></span> <span class='ocrx_word' id='word_1_364' title='bbox 440 3603 595 3655; x_wconf 80' lang='lat' dir='ltr'><strong>eeooperque</strong></span> <span class='ocrx_word' id='word_1_365' title='bbox 621 3590 787 3642; x_wconf 80' lang='lat' dir='ltr'><strong>acrldeudoeu</strong></span> <span class='ocrx_word' id='word_1_366' title='bbox 807 3590 885 3640; x_wconf 86' lang='lat' dir='ltr'><strong>dleet·</strong></span> <span class='ocrx_word' id='word_1_367' title='bbox 921 3591 1094 3644; x_wconf 87' lang='lat' dir='ltr'><strong>metuendum</strong></span> <span class='ocrx_word' id='word_1_368' title='bbox 1114 3599 1140 3642; x_wconf 88' lang='lat' dir='ltr'><strong>et</strong></span> <span class='ocrx_word' id='word_1_369' title='bbox 1158 3591 1303 3644; x_wconf 81' lang='lat' dir='ltr'><strong>carendum</strong></span> <span class='ocrx_word' id='word_1_370' title='bbox 1321 3604 1398 3651; x_wconf 79' lang='lat' dir='ltr'><strong>aare.</strong></span> <span class='ocrx_word' id='word_1_371' title='bbox 1419 3604 1453 3643; x_wconf 92' lang='lat' dir='ltr'><strong>ne</strong></span> <span class='ocrx_word' id='word_1_372' title='bbox 1472 3591 1572 3654; x_wconf 80' lang='lat' dir='ltr'><strong>elloqul</strong></span> <span class='ocrx_word' id='word_1_373' title='bbox 1625 3581 1628 3588; x_wconf 84' lang='grc'><strong>’</strong></span> 
     </span>
     <span class='ocr_line' id='line_1_33' title="bbox 239 3667 1572 3735; baseline 0.001 -12"><span class='ocrx_word' id='word_1_374' title='bbox 239 3673 341 3723; x_wconf 76' lang='lat' dir='ltr'><strong>dtum.»</strong></span> <span class='ocrx_word' id='word_1_375' title='bbox 360 3670 640 3722; x_wconf 49' lang='grc'><strong>(1131131310.-</strong></span> <span class='ocrx_word' id='word_1_376' title='bbox 659 3667 885 3734; x_wconf 78' lang='lat' dir='ltr'><strong>uepotemlquem</strong></span> <span class='ocrx_word' id='word_1_377' title='bbox 922 3678 991 3732; x_wconf 77' lang='lat' dir='ltr'><strong>eet..</strong></span> <span class='ocrx_word' id='word_1_378' title='bbox 1023 3679 1052 3723; x_wconf 91' lang='lat' dir='ltr'><strong>ul</strong></span> <span class='ocrx_word' id='word_1_379' title='bbox 1077 3669 1107 3722; x_wconf 83' lang='lat' dir='ltr'><strong>C.</strong></span> <span class='ocrx_word' id='word_1_380' title='bbox 1136 3669 1180 3720; x_wconf 80' lang='lat' dir='ltr'><strong>dd.</strong></span> <span class='ocrx_word' id='word_1_381' title='bbox 1209 3693 1240 3708; x_wconf 92' lang='lat'><strong>-··</strong></span> <span class='ocrx_word' id='word_1_382' title='bbox 1275 3667 1433 3735; x_wconf 66' lang='lat' dir='ltr'><strong>Casurum]</strong></span> <span class='ocrx_word' id='word_1_383' title='bbox 1466 3670 1572 3734; x_wconf 75' lang='lat' dir='ltr'><strong>Quippe</strong></span> 
     </span>
     <span class='ocr_line' id='line_1_34' title="bbox 239 3750 1435 3816; baseline -0.001 -12"><span class='ocrx_word' id='word_1_384' title='bbox 239 3765 270 3804; x_wconf 80' lang='lat' dir='ltr'><strong>ex</strong></span> <span class='ocrx_word' id='word_1_385' title='bbox 297 3751 414 3802; x_wconf 80' lang='lat' dir='ltr'><strong>uentus</strong></span> <span class='ocrx_word' id='word_1_386' title='bbox 442 3755 529 3813; x_wconf 78' lang='lat' dir='ltr'><strong>patore</strong></span> <span class='ocrx_word' id='word_1_387' title='bbox 557 3755 652 3802; x_wconf 80' lang='lat' dir='ltr'><strong>martta</strong></span> <span class='ocrx_word' id='word_1_388' title='bbox 669 3755 812 3814; x_wconf 55' lang='lat' dir='ltr'><strong>genueram</strong></span> <span class='ocrx_word' id='word_1_389' title='bbox 838 3753 884 3814; x_wconf 88' lang='lat' dir='ltr'><strong>qul</strong></span> <span class='ocrx_word' id='word_1_390' title='bbox 922 3753 1065 3816; x_wconf 65' lang='lat' dir='ltr'><strong>Agrippina</strong></span> <span class='ocrx_word' id='word_1_391' title='bbox 1085 3753 1219 3812; x_wconf 82' lang='lat' dir='ltr'><strong>pronepus</strong></span> <span class='ocrx_word' id='word_1_392' title='bbox 1238 3750 1349 3814; x_wconf 76' lang='lat' dir='ltr'><strong>dugualt</strong></span> <span class='ocrx_word' id='word_1_393' title='bbox 1369 3757 1435 3803; x_wconf 85' lang='lat' dir='ltr'><strong>erat.</strong></span> 
     </span>
    </p>

    <p class='ocr_par' dir='ltr' id='par_1_5' title="bbox 237 3826 1575 5088">
     <span class='ocr_line' id='line_1_35' title="bbox 239 3826 1571 3894; baseline 0 -14"><span class='ocrx_word' id='word_1_394' title='bbox 239 3830 288 3882; x_wconf 85' lang='lat' dir='ltr'><strong>tull</strong></span> <span class='ocrx_word' id='word_1_395' title='bbox 306 3837 397 3893; x_wconf 84' lang='lat' dir='ltr'><strong>postea</strong></span> <span class='ocrx_word' id='word_1_396' title='bbox 412 3831 483 3883; x_wconf 84' lang='lat' dir='ltr'><strong>Nero</strong></span> <span class='ocrx_word' id='word_1_397' title='bbox 501 3835 654 3892; x_wconf 86' lang='lat' dir='ltr'><strong>tmperator.</strong></span> <span class='ocrx_word' id='word_1_398' title='bbox 680 3856 715 3866; x_wconf 94' lang='lat'>-</span> <span class='ocrx_word' id='word_1_399' title='bbox 743 3833 885 3894; x_wconf 81' lang='lat' dir='ltr'><strong>tmperoto·</strong></span> <span class='ocrx_word' id='word_1_400' title='bbox 956 3829 983 3880; x_wconf 81' lang='grc'><strong>3.</strong></span> <span class='ocrx_word' id='word_1_401' title='bbox 1000 3843 1048 3892; x_wconf 85' lang='lat' dir='ltr'><strong>per</strong></span> <span class='ocrx_word' id='word_1_402' title='bbox 1057 3830 1165 3892; x_wconf 71' lang='lat' dir='ltr'><strong>melem</strong></span> <span class='ocrx_word' id='word_1_403' title='bbox 1174 3826 1380 3894; x_wconf 69' lang='lat' dir='ltr'><strong>ommutedlnla]</strong></span> <span class='ocrx_word' id='word_1_404' title='bbox 1393 3828 1571 3886; x_wconf 76' lang='lat' dir='ltr'><strong>Suatclaud.</strong></span> 
     </span>
     <span class='ocr_line' id='line_1_36' title="bbox 237 3905 1573 3975; baseline 0.001 -13"><span class='ocrx_word' id='word_1_405' title='bbox 237 3913 282 3962; x_wconf 77' lang='lat' dir='ltr'><strong>rto</strong></span> <span class='ocrx_word' id='word_1_406' title='bbox 298 3909 422 3975; x_wconf 76' lang='lat' dir='ltr'><strong>[ortum]</strong></span> <span class='ocrx_word' id='word_1_407' title='bbox 450 3925 504 3963; x_wconf 90' lang='lat' dir='ltr'><strong>uon</strong></span> <span class='ocrx_word' id='word_1_408' title='bbox 522 3911 555 3962; x_wconf 87' lang='lat' dir='ltr'><strong>de</strong></span> <span class='ocrx_word' id='word_1_409' title='bbox 575 3914 633 3973; x_wconf 83' lang='lat' dir='ltr'><strong>lpse</strong></span> <span class='ocrx_word' id='word_1_410' title='bbox 657 3913 769 3974; x_wconf 84' lang='lat' dir='ltr'><strong>tmperto</strong></span> <span class='ocrx_word' id='word_1_411' title='bbox 791 3910 885 3962; x_wconf 86' lang='lat' dir='ltr'><strong>lnteltl·</strong></span> <span class='ocrx_word' id='word_1_412' title='bbox 922 3910 966 3961; x_wconf 75' lang='lat'><strong>26.</strong></span> <span class='ocrx_word' id='word_1_413' title='bbox 995 3933 1027 3946; x_wconf 94' lang='lat'>-</span> <span class='ocrx_word' id='word_1_414' title='bbox 1056 3905 1228 3972; x_wconf 69' lang='lat' dir='ltr'><strong>moterlo]</strong></span> <span class='ocrx_word' id='word_1_415' title='bbox 1254 3909 1381 3962; x_wconf 82' lang='lat' dir='ltr'><strong>Domttle.</strong></span> <span class='ocrx_word' id='word_1_416' title='bbox 1408 3911 1446 3971; x_wconf 76' lang='grc'><strong>4,</strong></span> <span class='ocrx_word' id='word_1_417' title='bbox 1473 3911 1518 3964; x_wconf 76' lang='lat'><strong>75.</strong></span> <span class='ocrx_word' id='word_1_418' title='bbox 1538 3933 1573 3946; x_wconf 90' lang='lat'><em>-</em></span> 
     </span>
     <span class='ocr_line' id='line_1_37' title="bbox 238 3983 1572 4056; baseline 0.002 -14"><span class='ocrx_word' id='word_1_419' title='bbox 238 3993 370 4056; x_wconf 64' lang='lat' dir='ltr'><strong>gendum,</strong></span> <span class='ocrx_word' id='word_1_420' title='bbox 389 3991 435 4044; x_wconf 85' lang='lat' dir='ltr'><strong>sed</strong></span> <span class='ocrx_word' id='word_1_421' title='bbox 455 3993 488 4045; x_wconf 88' lang='lat' dir='ltr'><strong>de</strong></span> <span class='ocrx_word' id='word_1_422' title='bbox 508 3994 633 4056; x_wconf 69' lang='lat' dir='ltr'><strong>dlssnttate</strong></span> <span class='ocrx_word' id='word_1_423' title='bbox 652 4005 763 4050; x_wconf 85' lang='lat' dir='ltr'><strong>eorum,</strong></span> <span class='ocrx_word' id='word_1_424' title='bbox 792 3992 837 4054; x_wconf 88' lang='lat' dir='ltr'><strong>qul</strong></span> <span class='ocrx_word' id='word_1_425' title='bbox 858 3992 885 4040; x_wconf 93' lang='lat' dir='ltr'><strong>ln</strong></span> <span class='ocrx_word' id='word_1_426' title='bbox 922 3990 979 4040; x_wconf 82' lang='lat' dir='ltr'><strong>ello</strong></span> <span class='ocrx_word' id='word_1_427' title='bbox 997 3985 1110 4050; x_wconf 78' lang='lat' dir='ltr'><strong>elerum]</strong></span> <span class='ocrx_word' id='word_1_428' title='bbox 1142 3989 1298 4041; x_wconf 68' lang='grc' dir='ltr'><strong><em>νεανίσκον</em></strong></span> <span class='ocrx_word' id='word_1_429' title='bbox 1315 3986 1352 4040; x_wconf 77' lang='grc' dir='ltr'><strong>τά</strong></span> <span class='ocrx_word' id='word_1_430' title='bbox 1368 3988 1392 4042; x_wconf 81' lang='grc' dir='ltr'><strong>τ’</strong></span> <span class='ocrx_word' id='word_1_431' title='bbox 1409 3983 1484 4044; x_wconf 70' lang='grc' dir='ltr'><strong>ἄλλα</strong></span> <span class='ocrx_word' id='word_1_432' title='bbox 1501 3989 1572 4056; x_wconf 75' lang='grc' dir='ltr'><strong>λαμ·</strong></span> 
     </span>
     <span class='ocr_line' id='line_1_38' title="bbox 239 4065 1574 4140; baseline -0.003 -16"><span class='ocrx_word' id='word_1_433' title='bbox 239 4071 355 4124; x_wconf 80' lang='lat' dir='ltr'><strong>Caesarla</strong></span> <span class='ocrx_word' id='word_1_434' title='bbox 380 4071 505 4124; x_wconf 86' lang='lat' dir='ltr'><strong>larnlltam</strong></span> <span class='ocrx_word' id='word_1_435' title='bbox 528 4074 603 4125; x_wconf 83' lang='lat' dir='ltr'><strong>ascttt</strong></span> <span class='ocrx_word' id='word_1_436' title='bbox 629 4077 700 4122; x_wconf 87' lang='lat' dir='ltr'><strong>runt.</strong></span> <span class='ocrx_word' id='word_1_437' title='bbox 736 4070 795 4122; x_wconf 87' lang='lat' dir='ltr'><strong>Nou</strong></span> <span class='ocrx_word' id='word_1_438' title='bbox 813 4074 884 4121; x_wconf 86' lang='lat' dir='ltr'><strong>enlm</strong></span> <span class='ocrx_word' id='word_1_439' title='bbox 922 4069 1007 4140; x_wconf 74' lang='lat' dir='ltr'><strong>apdo.</strong></span> <span class='ocrx_word' id='word_1_440' title='bbox 1046 4068 1138 4119; x_wconf 87' lang='lat' dir='ltr'><strong>llorat.</strong></span> <span class='ocrx_word' id='word_1_441' title='bbox 1159 4065 1190 4118; x_wconf 84' lang='lat' dir='ltr'><strong>C·</strong></span> <span class='ocrx_word' id='word_1_442' title='bbox 1208 4068 1243 4132; x_wconf 77' lang='grc'><strong>4,</strong></span> <span class='ocrx_word' id='word_1_443' title='bbox 1263 4069 1297 4128; x_wconf 75' lang='grc'><strong>3,</strong></span> <span class='ocrx_word' id='word_1_444' title='bbox 1316 4067 1371 4120; x_wconf 80' lang='lat' dir='ltr'><strong>dds</strong></span> <span class='ocrx_word' id='word_1_445' title='bbox 1409 4068 1500 4123; x_wconf 77' lang='lat' dir='ltr'><strong>Celere</strong></span> <span class='ocrx_word' id='word_1_446' title='bbox 1522 4069 1574 4134; x_wconf 72' lang='lat' dir='ltr'><strong>sul·</strong></span> 
     </span>
     <span class='ocr_line' id='line_1_39' title="bbox 240 4148 1573 4214; baseline 0.002 -12"><span class='ocrx_word' id='word_1_447' title='bbox 240 4156 398 4205; x_wconf 82' lang='lat' dir='ltr'><strong>eonsenlens</strong></span> <span class='ocrx_word' id='word_1_448' title='bbox 424 4154 544 4214; x_wconf 84' lang='lat' dir='ltr'><strong>rtdetur,</strong></span> <span class='ocrx_word' id='word_1_449' title='bbox 581 4151 723 4203; x_wconf 75' lang='lat' dir='ltr'><strong>Pallantem</strong></span> <span class='ocrx_word' id='word_1_450' title='bbox 750 4150 886 4202; x_wconf 85' lang='lat' dir='ltr'><strong>deattsare</strong></span> <span class='ocrx_word' id='word_1_451' title='bbox 922 4161 981 4199; x_wconf 82' lang='lat' dir='ltr'><strong>uua.</strong></span> <span class='ocrx_word' id='word_1_452' title='bbox 1017 4148 1131 4200; x_wconf 80' lang='lat' dir='ltr'><strong>Baehtua</strong></span> <span class='ocrx_word' id='word_1_453' title='bbox 1149 4152 1250 4210; x_wconf 77' lang='lat' dir='ltr'><strong>recepta</strong></span> <span class='ocrx_word' id='word_1_454' title='bbox 1272 4149 1363 4202; x_wconf 82' lang='lat' dir='ltr'><strong>taleam</strong></span> <span class='ocrx_word' id='word_1_455' title='bbox 1382 4153 1573 4206; x_wconf 70' lang='lat' dir='ltr'><strong>eorreetlouen</strong></span> 
     </span>
     <span class='ocr_line' id='line_1_40' title="bbox 239 4227 1571 4294; baseline 0 -12"><span class='ocrx_word' id='word_1_456' title='bbox 239 4231 371 4284; x_wconf 74' lang='lat' dir='ltr'><strong>Neroaem</strong></span> <span class='ocrx_word' id='word_1_457' title='bbox 388 4237 583 4293; x_wconf 79' lang='lat' dir='ltr'><strong>inperatorem.</strong></span> <span class='ocrx_word' id='word_1_458' title='bbox 602 4231 693 4282; x_wconf 76' lang='lat' dir='ltr'><strong>Doro.</strong></span> <span class='ocrx_word' id='word_1_459' title='bbox 721 4253 754 4268; x_wconf 92' lang='lat'><strong>-·</strong></span> <span class='ocrx_word' id='word_1_460' title='bbox 779 4233 888 4292; x_wconf 79' lang='lat' dir='ltr'><strong>attrperu</strong></span> <span class='ocrx_word' id='word_1_461' title='bbox 923 4231 950 4279; x_wconf 91' lang='lat' dir='ltr'><strong>tn</strong></span> <span class='ocrx_word' id='word_1_462' title='bbox 968 4227 1043 4281; x_wconf 83' lang='lat' dir='ltr'><strong>lted.</strong></span> <span class='ocrx_word' id='word_1_463' title='bbox 1071 4229 1159 4288; x_wconf 54' lang='lat' dir='ltr'><strong>ollem·</strong></span> <span class='ocrx_word' id='word_1_464' title='bbox 1185 4242 1238 4291; x_wconf 85' lang='lat' dir='ltr'><strong>qno</strong></span> <span class='ocrx_word' id='word_1_465' title='bbox 1257 4242 1282 4282; x_wconf 86' lang='lat' dir='ltr'><strong>r.</strong></span> <span class='ocrx_word' id='word_1_466' title='bbox 1302 4227 1410 4282; x_wconf 78' lang='lat' dir='ltr'><strong>Tacitus</strong></span> <span class='ocrx_word' id='word_1_467' title='bbox 1436 4242 1571 4294; x_wconf 74' lang='lat' dir='ltr'><strong>nunquam</strong></span> 
     </span>
     <span class='ocr_line' id='line_1_41' title="bbox 239 4307 1572 4376; baseline -0.002 -14"><span class='ocrx_word' id='word_1_468' title='bbox 239 4309 366 4374; x_wconf 73' lang='lat' dir='ltr'><strong>mltum]</strong></span> <span class='ocrx_word' id='word_1_469' title='bbox 391 4325 446 4363; x_wconf 90' lang='lat' dir='ltr'><strong>non</strong></span> <span class='ocrx_word' id='word_1_470' title='bbox 464 4314 652 4376; x_wconf 72' lang='lat' dir='ltr'><strong>tgrtpplnam,</strong></span> <span class='ocrx_word' id='word_1_471' title='bbox 683 4316 714 4362; x_wconf 87' lang='grc' dir='ltr'><strong>ιιι</strong></span> <span class='ocrx_word' id='word_1_472' title='bbox 738 4311 794 4361; x_wconf 79' lang='lat' dir='ltr'><strong>vult</strong></span> <span class='ocrx_word' id='word_1_473' title='bbox 820 4309 887 4360; x_wconf 82' lang='lat' dir='ltr'><strong>Bur·</strong></span> <span class='ocrx_word' id='word_1_474' title='bbox 924 4307 1213 4374; x_wconf 81' lang='lat' dir='ltr'><strong>utllurprooltequa&#39;u,</strong></span> <span class='ocrx_word' id='word_1_475' title='bbox 1233 4310 1349 4372; x_wconf 76' lang='lat' dir='ltr'><strong>smper.</strong></span> <span class='ocrx_word' id='word_1_476' title='bbox 1379 4309 1572 4364; x_wconf 84' lang='lat' dir='ltr'><strong>Clarueaulam</strong></span> 
     </span>
     <span class='ocr_line' id='line_1_42' title="bbox 240 4387 1573 4454; baseline -0.002 -12"><span class='ocrx_word' id='word_1_477' title='bbox 240 4391 319 4452; x_wconf 85' lang='lat' dir='ltr'><strong>nont,</strong></span> <span class='ocrx_word' id='word_1_478' title='bbox 337 4392 383 4443; x_wconf 87' lang='lat' dir='ltr'><strong>aed</strong></span> <span class='ocrx_word' id='word_1_479' title='bbox 399 4392 542 4443; x_wconf 79' lang='lat' dir='ltr'><strong>Domltturu</strong></span> <span class='ocrx_word' id='word_1_480' title='bbox 555 4387 704 4443; x_wconf 72' lang='lat' dir='ltr'><strong>&#39;Neronem</strong></span> <span class='ocrx_word' id='word_1_481' title='bbox 724 4389 842 4453; x_wconf 82' lang='lat' dir='ltr'><strong>(Seltleet</strong></span> <span class='ocrx_word' id='word_1_482' title='bbox 859 4392 887 4440; x_wconf 91' lang='lat' dir='ltr'><strong>tn</strong></span> <span class='ocrx_word' id='word_1_483' title='bbox 925 4389 999 4450; x_wconf 84' lang='lat' dir='ltr'><strong>ello,</strong></span> <span class='ocrx_word' id='word_1_484' title='bbox 1020 4391 1173 4450; x_wconf 85' lang='lat' dir='ltr'><strong>praeserttm</strong></span> <span class='ocrx_word' id='word_1_485' title='bbox 1192 4390 1256 4452; x_wconf 85' lang='lat' dir='ltr'><strong>quta</strong></span> <span class='ocrx_word' id='word_1_486' title='bbox 1274 4389 1392 4452; x_wconf 83' lang='lat' dir='ltr'><strong>adnepos</strong></span> <span class='ocrx_word' id='word_1_487' title='bbox 1409 4397 1466 4442; x_wconf 87' lang='lat' dir='ltr'><strong>arat</strong></span> <span class='ocrx_word' id='word_1_488' title='bbox 1483 4391 1573 4454; x_wconf 73' lang='grc' dir='ltr'>Αιιιιι·</span> 
     </span>
     <span class='ocr_line' id='line_1_43' title="bbox 241 4467 1574 4534; baseline -0.002 -12"><span class='ocrx_word' id='word_1_489' title='bbox 241 4471 281 4522; x_wconf 79' lang='lat' dir='ltr'><strong>hta</strong></span> <span class='ocrx_word' id='word_1_490' title='bbox 306 4470 429 4522; x_wconf 72' lang='lat' dir='ltr'><strong>omullus</strong></span> <span class='ocrx_word' id='word_1_491' title='bbox 456 4484 502 4532; x_wconf 88' lang='lat' dir='ltr'><strong>per</strong></span> <span class='ocrx_word' id='word_1_492' title='bbox 526 4471 670 4524; x_wconf 78' lang='lat' dir='ltr'><strong>Pallantem</strong></span> <span class='ocrx_word' id='word_1_493' title='bbox 695 4471 813 4533; x_wconf 86' lang='lat' dir='ltr'><strong>loqultur</strong></span> <span class='ocrx_word' id='word_1_494' title='bbox 835 4472 887 4518; x_wconf 88' lang='lat' dir='ltr'><strong>tam</strong></span> <span class='ocrx_word' id='word_1_495' title='bbox 923 4471 968 4519; x_wconf 88' lang='lat' dir='ltr'><strong>att.</strong></span> <span class='ocrx_word' id='word_1_496' title='bbox 1016 4467 1181 4529; x_wconf 76' lang='lat' dir='ltr'><strong>Aenepotom</strong></span> <span class='ocrx_word' id='word_1_497' title='bbox 1215 4474 1291 4520; x_wconf 75' lang='lat' dir='ltr'><strong>rosal</strong></span> <span class='ocrx_word' id='word_1_498' title='bbox 1313 4469 1412 4521; x_wconf 75' lang='lat' dir='ltr'><strong>seneen</strong></span> <span class='ocrx_word' id='word_1_499' title='bbox 1445 4473 1471 4520; x_wconf 88' lang='lat' dir='ltr'><strong>lu</strong></span> <span class='ocrx_word' id='word_1_500' title='bbox 1496 4470 1574 4534; x_wconf 82' lang='lat' dir='ltr'><strong>Ludq</strong></span> 
     </span>
     <span class='ocr_line' id='line_1_44' title="bbox 240 4543 1572 4615; baseline -0.002 -11"><span class='ocrx_word' id='word_1_501' title='bbox 240 4561 324 4604; x_wconf 81' lang='lat' dir='ltr'><strong>mater</strong></span> <span class='ocrx_word' id='word_1_502' title='bbox 336 4549 501 4614; x_wconf 74' lang='lat' dir='ltr'><strong>Aprtpptna.)</strong></span> <span class='ocrx_word' id='word_1_503' title='bbox 530 4551 813 4615; x_wconf 82' lang='lat' dir='ltr'><strong>Sequenttacorrupta</strong></span> <span class='ocrx_word' id='word_1_504' title='bbox 825 4556 888 4600; x_wconf 87' lang='lat' dir='ltr'><strong>aunt</strong></span> <span class='ocrx_word' id='word_1_505' title='bbox 925 4561 951 4610; x_wconf 88' lang='lat' dir='ltr'><strong>p.</strong></span> <span class='ocrx_word' id='word_1_506' title='bbox 972 4545 1033 4599; x_wconf 79' lang='lat' dir='ltr'><strong>sel.</strong></span> <span class='ocrx_word' id='word_1_507' title='bbox 1054 4545 1135 4598; x_wconf 68' lang='lat' dir='ltr'><strong>tirou.</strong></span> <span class='ocrx_word' id='word_1_508' title='bbox 1157 4573 1186 4585; x_wconf 96' lang='lat'>-</span> <span class='ocrx_word' id='word_1_509' title='bbox 1208 4543 1318 4612; x_wconf 69' lang='lat' dir='ltr'><strong>taedent]</strong></span> <span class='ocrx_word' id='word_1_510' title='bbox 1337 4549 1479 4610; x_wconf 79' lang='lat' dir='ltr'><strong>substant..</strong></span> <span class='ocrx_word' id='word_1_511' title='bbox 1498 4555 1527 4602; x_wconf 89' lang='lat' dir='ltr'><strong>ul</strong></span> <span class='ocrx_word' id='word_1_512' title='bbox 1544 4547 1572 4612; x_wconf 69' lang='lat' dir='ltr'><strong>d.</strong></span> 
     </span>
     <span class='ocr_line' id='line_1_45' title="bbox 241 4625 1574 4693; baseline -0.002 -11"><span class='ocrx_word' id='word_1_513' title='bbox 241 4644 291 4684; x_wconf 87' lang='lat' dir='ltr'><strong>nee</strong></span> <span class='ocrx_word' id='word_1_514' title='bbox 317 4631 478 4693; x_wconf 79' lang='lat' dir='ltr'><strong>prolabitur</strong></span> <span class='ocrx_word' id='word_1_515' title='bbox 508 4631 659 4683; x_wconf 83' lang='lat' dir='ltr'><strong>concedunt</strong></span> <span class='ocrx_word' id='word_1_516' title='bbox 694 4632 888 4693; x_wconf 83' lang='lat' dir='ltr'><strong>luterpretatlo·</strong></span> <span class='ocrx_word' id='word_1_517' title='bbox 924 4625 977 4678; x_wconf 73' lang='lat' dir='ltr'><strong>aaa</strong></span> <span class='ocrx_word' id='word_1_518' title='bbox 997 4627 1196 4689; x_wconf 76' lang='lat' dir='ltr'><strong>ertumplollum</strong></span> <span class='ocrx_word' id='word_1_519' title='bbox 1212 4627 1329 4692; x_wconf 69' lang='lat' dir='ltr'><strong>malpel,</strong></span> <span class='ocrx_word' id='word_1_520' title='bbox 1349 4641 1401 4679; x_wconf 90' lang='lat' dir='ltr'><strong>non</strong></span> <span class='ocrx_word' id='word_1_521' title='bbox 1420 4636 1451 4680; x_wconf 89' lang='lat' dir='ltr'><strong>ut</strong></span> <span class='ocrx_word' id='word_1_522' title='bbox 1465 4629 1509 4680; x_wconf 87' lang='lat' dir='ltr'><strong>alll</strong></span> <span class='ocrx_word' id='word_1_523' title='bbox 1529 4641 1574 4680; x_wconf 84' lang='lat' dir='ltr'><strong>re·</strong></span> 
     </span>
     <span class='ocr_line' id='line_1_46' title="bbox 241 4707 1574 4774; baseline 0.002 -15"><span class='ocrx_word' id='word_1_524' title='bbox 241 4723 320 4766; x_wconf 71' lang='lat' dir='ltr'><strong>uma</strong></span> <span class='ocrx_word' id='word_1_525' title='bbox 348 4724 508 4774; x_wconf 69' lang='lat' dir='ltr'><strong>quamqua-</strong></span> <span class='ocrx_word' id='word_1_526' title='bbox 533 4716 572 4762; x_wconf 87' lang='lat' dir='ltr'><strong>ete</strong></span> <span class='ocrx_word' id='word_1_527' title='bbox 596 4714 723 4763; x_wconf 77' lang='lat' dir='ltr'><strong>extricare</strong></span> <span class='ocrx_word' id='word_1_528' title='bbox 748 4718 887 4769; x_wconf 81' lang='lat' dir='ltr'><strong>conantur,</strong></span> <span class='ocrx_word' id='word_1_529' title='bbox 925 4707 984 4758; x_wconf 86' lang='lat' dir='ltr'><strong>lunt</strong></span> <span class='ocrx_word' id='word_1_530' title='bbox 1005 4707 1101 4759; x_wconf 84' lang='lat' dir='ltr'><strong>adteet.</strong></span> <span class='ocrx_word' id='word_1_531' title='bbox 1130 4707 1292 4772; x_wconf 71' lang='lat' dir='ltr'><strong>lungendum</strong></span> <span class='ocrx_word' id='word_1_532' title='bbox 1316 4719 1378 4758; x_wconf 84' lang='lat' dir='ltr'><strong>eum</strong></span> <span class='ocrx_word' id='word_1_533' title='bbox 1402 4722 1427 4761; x_wconf 83' lang='lat' dir='ltr'><strong>r.</strong></span> <span class='ocrx_word' id='word_1_534' title='bbox 1452 4709 1574 4774; x_wconf 64' lang='lat' dir='ltr'><strong>monulfi·</strong></span> 
     </span>
     <span class='ocr_line' id='line_1_47' title="bbox 241 4785 1575 4854; baseline -0.003 -11"><span class='ocrx_word' id='word_1_535' title='bbox 241 4797 272 4843; x_wconf 89' lang='lat' dir='ltr'><strong>ut</strong></span> <span class='ocrx_word' id='word_1_536' title='bbox 287 4794 321 4842; x_wconf 86' lang='lat' dir='ltr'><strong>alt</strong></span> <span class='ocrx_word' id='word_1_537' title='bbox 338 4791 379 4839; x_wconf 86' lang='lat' dir='ltr'><strong>ret</strong></span> <span class='ocrx_word' id='word_1_538' title='bbox 397 4791 503 4854; x_wconf 77' lang='lat' dir='ltr'><strong>dlquum</strong></span> <span class='ocrx_word' id='word_1_539' title='bbox 526 4804 583 4842; x_wconf 85' lang='lat' dir='ltr'><strong>ease</strong></span> <span class='ocrx_word' id='word_1_540' title='bbox 601 4790 761 4850; x_wconf 73' lang='lat' dir='ltr'><strong>[tumulum.</strong></span> <span class='ocrx_word' id='word_1_541' title='bbox 789 4792 835 4853; x_wconf 84' lang='lat' dir='ltr'><strong>qut</strong></span> <span class='ocrx_word' id='word_1_542' title='bbox 855 4788 888 4840; x_wconf 91' lang='lat' dir='ltr'><strong>ad</strong></span> <span class='ocrx_word' id='word_1_543' title='bbox 925 4789 1021 4840; x_wconf 79' lang='lat' dir='ltr'><strong>eeutlo.</strong></span> <span class='ocrx_word' id='word_1_544' title='bbox 1039 4785 1163 4838; x_wconf 81' lang='lat' dir='ltr'><strong>lJallatlor</strong></span> <span class='ocrx_word' id='word_1_545' title='bbox 1179 4800 1243 4840; x_wconf 87' lang='lat' dir='ltr'><strong>sane</strong></span> <span class='ocrx_word' id='word_1_546' title='bbox 1256 4793 1296 4839; x_wconf 83' lang='lat' dir='ltr'><strong>est</strong></span> <span class='ocrx_word' id='word_1_547' title='bbox 1307 4800 1381 4838; x_wconf 86' lang='lat' dir='ltr'><strong>num.</strong></span> <span class='ocrx_word' id='word_1_548' title='bbox 1395 4789 1465 4851; x_wconf 89' lang='lat' dir='ltr'><strong>plur.</strong></span> <span class='ocrx_word' id='word_1_549' title='bbox 1479 4789 1575 4840; x_wconf 78' lang='lat' dir='ltr'><strong>trtues·</strong></span> 
     </span>
     <span class='ocr_line' id='line_1_48' title="bbox 242 4865 1574 4934; baseline -0.003 -13"><span class='ocrx_word' id='word_1_550' title='bbox 242 4883 289 4934; x_wconf 83' lang='lat' dir='ltr'><strong>par</strong></span> <span class='ocrx_word' id='word_1_551' title='bbox 308 4881 391 4931; x_wconf 87' lang='lat' dir='ltr'><strong>prope</strong></span> <span class='ocrx_word' id='word_1_552' title='bbox 415 4871 547 4932; x_wconf 73' lang='lat' dir='ltr'><strong>taattqtum</strong></span> <span class='ocrx_word' id='word_1_553' title='bbox 574 4869 700 4921; x_wconf 79' lang='lat' dir='ltr'><strong>evehatur</strong></span> <span class='ocrx_word' id='word_1_554' title='bbox 725 4881 755 4920; x_wconf 83' lang='lat' dir='ltr'><strong>ac</strong></span> <span class='ocrx_word' id='word_1_555' title='bbox 785 4869 888 4920; x_wconf 76' lang='lat' dir='ltr'><strong>Claudtl</strong></span> <span class='ocrx_word' id='word_1_556' title='bbox 924 4867 1018 4931; x_wconf 76' lang='lat' dir='ltr'><strong>plotio</strong></span> <span class='ocrx_word' id='word_1_557' title='bbox 1034 4867 1152 4930; x_wconf 75' lang='lat' dir='ltr'><strong>lullaelu</strong></span> <span class='ocrx_word' id='word_1_558' title='bbox 1171 4867 1202 4930; x_wconf 86' lang='lat' dir='ltr'><strong>l,</strong></span> <span class='ocrx_word' id='word_1_559' title='bbox 1220 4866 1265 4918; x_wconf 75' lang='grc'><strong>73.</strong></span> <span class='ocrx_word' id='word_1_560' title='bbox 1283 4891 1319 4902; x_wconf 93' lang='grc'><strong>-</strong></span> <span class='ocrx_word' id='word_1_561' title='bbox 1335 4867 1435 4930; x_wconf 80' lang='lat' dir='ltr'><strong>tudttol</strong></span> <span class='ocrx_word' id='word_1_562' title='bbox 1452 4879 1520 4932; x_wconf 81' lang='lat' dir='ltr'><strong>quae</strong></span> <span class='ocrx_word' id='word_1_563' title='bbox 1539 4865 1574 4918; x_wconf 79' lang='lat' dir='ltr'><strong>ab</strong></span> 
     </span>
     <span class='ocr_line' id='line_1_49' title="bbox 242 4946 1574 5014; baseline 0.002 -14"><span class='ocrx_word' id='word_1_564' title='bbox 242 4950 338 5008; x_wconf 80' lang='lat' dir='ltr'><strong>ltuerl.</strong></span> <span class='ocrx_word' id='word_1_565' title='bbox 358 4948 399 5000; x_wconf 87' lang='lat' dir='ltr'><strong>rel</strong></span> <span class='ocrx_word' id='word_1_566' title='bbox 416 4951 514 5008; x_wconf 75' lang='grc' dir='ltr'>ιιιιιιι,</span> <span class='ocrx_word' id='word_1_567' title='bbox 534 4950 657 5012; x_wconf 73' lang='lat' dir='ltr'><strong>dignum.</strong></span> <span class='ocrx_word' id='word_1_568' title='bbox 681 4949 727 5012; x_wconf 88' lang='lat' dir='ltr'><strong>qut</strong></span> <span class='ocrx_word' id='word_1_569' title='bbox 746 4949 889 5010; x_wconf 86' lang='lat' dir='ltr'><strong>altquando</strong></span> <span class='ocrx_word' id='word_1_570' title='bbox 926 4949 983 5000; x_wconf 88' lang='lat' dir='ltr'><strong>allla</strong></span> <span class='ocrx_word' id='word_1_571' title='bbox 1012 4946 1077 4997; x_wconf 84' lang='lat' dir='ltr'><strong>elam</strong></span> <span class='ocrx_word' id='word_1_572' title='bbox 1104 4946 1328 5009; x_wconf 69' lang='lat' dir='ltr'><strong>enarereuantnn</strong></span> <span class='ocrx_word' id='word_1_573' title='bbox 1355 4950 1428 5000; x_wconf 82' lang='lat' dir='ltr'><strong>lutee</strong></span> <span class='ocrx_word' id='word_1_574' title='bbox 1445 4950 1574 5014; x_wconf 74' lang='lat' dir='ltr'><strong>lmprlmtt</strong></span> 
     </span>
     <span class='ocr_line' id='line_1_50' title="bbox 242 5025 1305 5088; baseline -0.004 -7"><span class='ocrx_word' id='word_1_575' title='bbox 242 5030 380 5081; x_wconf 82' lang='lat' dir='ltr'><strong>oelaalam</strong></span> <span class='ocrx_word' id='word_1_576' title='bbox 407 5031 435 5081; x_wconf 93' lang='lat' dir='ltr'><strong>tn</strong></span> <span class='ocrx_word' id='word_1_577' title='bbox 462 5030 658 5080; x_wconf 81' lang='lat' dir='ltr'><strong>matrtmonlum</strong></span> <span class='ocrx_word' id='word_1_578' title='bbox 684 5028 774 5079; x_wconf 76' lang='lat' dir='ltr'><strong>ducat.</strong></span> <span class='ocrx_word' id='word_1_579' title='bbox 797 5027 888 5079; x_wconf 79' lang='lat' dir='ltr'><strong>ltatlm</strong></span> <span class='ocrx_word' id='word_1_580' title='bbox 926 5025 1059 5079; x_wconf 80' lang='lat' dir='ltr'><strong>aliterue</strong></span> <span class='ocrx_word' id='word_1_581' title='bbox 1080 5027 1305 5088; x_wconf 82' lang='lat' dir='ltr'><strong>praepetenttlsua.</strong></span> 
     </span>
    </p>

    <p class='ocr_par' dir='ltr' id='par_1_6' title="bbox 242 5101 1575 5254">
     <span class='ocr_line' id='line_1_51' title="bbox 243 5101 1575 5172; baseline -0.001 -13"><span class='ocrx_word' id='word_1_582' title='bbox 243 5110 386 5172; x_wconf 77' lang='lat' dir='ltr'><strong>equtdema</strong></span> <span class='ocrx_word' id='word_1_583' title='bbox 421 5109 595 5172; x_wconf 74' lang='lat' dir='ltr'><strong>eoatlaperet.</strong></span> <span class='ocrx_word' id='word_1_584' title='bbox 625 5103 755 5169; x_wconf 66' lang='lat' dir='ltr'><strong>(maeel</strong></span> <span class='ocrx_word' id='word_1_585' title='bbox 780 5112 889 5170; x_wconf 84' lang='lat' dir='ltr'><strong>attrpem</strong></span> <span class='ocrx_word' id='word_1_586' title='bbox 960 5105 987 5155; x_wconf 77' lang='grc'><strong>1.</strong></span> <span class='ocrx_word' id='word_1_587' title='bbox 1018 5101 1148 5169; x_wconf 78' lang='lat' dir='ltr'><strong>mmorla]</strong></span> <span class='ocrx_word' id='word_1_588' title='bbox 1179 5105 1246 5159; x_wconf 80' lang='lat' dir='ltr'><strong>the</strong></span> <span class='ocrx_word' id='word_1_589' title='bbox 1269 5106 1303 5158; x_wconf 87' lang='lat' dir='ltr'><strong>ad</strong></span> <span class='ocrx_word' id='word_1_590' title='bbox 1328 5105 1575 5164; x_wconf 78' lang='lat' dir='ltr'><strong>ttu.11.1a.-</strong></span> 
     </span>
     <span class='ocr_line' id='line_1_52' title="bbox 242 5182 1574 5254; baseline 0.002 -12"><span class='ocrx_word' id='word_1_591' title='bbox 242 5191 376 5254; x_wconf 76' lang='lat' dir='ltr'><strong>mortem,</strong></span> <span class='ocrx_word' id='word_1_592' title='bbox 394 5188 751 5254; x_wconf 84' lang='lat' dir='ltr'><strong>qnaepropaaecaderetad</strong></span> <span class='ocrx_word' id='word_1_593' title='bbox 764 5189 890 5242; x_wconf 71' lang='lat' dir='ltr'><strong>Chellae</strong></span> <span class='ocrx_word' id='word_1_594' title='bbox 923 5182 1361 5251; x_wconf 59' lang='lat' dir='ltr'><strong>summoueantur</strong></span> <span class='ocrx_word' id='word_1_595' title='bbox 1393 5187 1502 5240; x_wconf 82' lang='lat' dir='ltr'><strong>llllllesa</strong></span> <span class='ocrx_word' id='word_1_596' title='bbox 1518 5194 1574 5245; x_wconf 67' lang='lat' dir='ltr'><strong>tor*</strong></span> 
     </span>
    </p>
   </div>
   <div class='ocr_carea' id='block_1_5' title="bbox 0 0 1885 5917">
    <p class='ocr_par' dir='ltr' id='par_1_7' title="bbox 0 0 1885 5917">
     <span class='ocr_line' id='line_1_53' title="bbox 0 0 1885 5917; baseline 0 0"><span class='ocrx_word' id='word_1_597' title='bbox 0 0 1885 5917; x_wconf 95' lang='lat' dir='ltr'><strong> </strong></span> 
     </span>
    </p>
   </div>
  </div>
 </body>
</html>
