3734 5917
604 507 720 572 Libuit
741 506 828 570 xiii.
873 505 947 591 Cap.
968 507 1021 572 23.
1044 505 1096 572 ti.
1120 507 1172 572 25.
1480 507 1542 574 437

211 665 383 732 venditioni
405 666 548 750 exposita
569 672 601 732 et
622 662 724 730 obviis
744 665 876 732 vulnera
894 663 1066 742 inferrent,
1089 665 1238 732 adversus
1257 668 1384 752 ignaros
1405 669 1486 734 adeo
1508 675 1543 736 nt

209 778 280 866 ipse
300 799 428 866 quoque
448 777 610 864 exciperet
629 780 710 844 icius
731 786 763 844 et
783 798 840 844 ore
861 781 1047 863 praeferret.
1070 776 1184 844 deinde
1205 781 1262 845 ubi
1285 783 1450 846 Caesarem
1473 801 1542 848 esse

211 891 267 978 qui
288 899 483 977 grassaretur
502 891 665 977 pernotuit
685 895 942 977 augebanturque
965 893 1099 959 iniuriae
1117 889 1267 960 adversus
1289 894 1374 959 viros
1395 891 1543 961 seminas·

211 1026 274 1094 que
305 1005 462 1090 insignes,
499 1004 687 1091 etquidem
718 1006 870 1092 permissa
899 1003 999 1070 semel
1027 1003 1151 1070 licentia
1179 1001 1238 1070 sub
1260 1005 1387 1072 nomine
1409 1008 1542 1074 Neronis

210 1117 303 1186 inulti
323 1118 462 1205 propriis
483 1139 554 1184 cum
574 1115 676 1203 globis
690 1116 799 1184 cadem
814 1120 1019 1192 exercebant,
1043 1125 1075 1184 et
1088 1117 1122 1184 in
1135 1117 1264 1186 modum
1279 1117 1464 1205 captivitatis
1478 1135 1564 1187 noxe
1614 1093 1624 1118 ⁰

211 1229 380 1318 agebatur3
417 1231 576 1317 luliusqne
596 1236 761 1299 Montanus
782 1230 929 1297 senatorii
954 1229 1092 1308 ordinis,
1130 1229 1186 1298 sed
1208 1231 1262 1320 qui
1284 1234 1422 1298 nondum
1444 1231 1543 1300 bono-

210 1365 277 1412 rem
305 1347 508 1430 capessisset,
540 1365 726 1430 congressus
754 1342 838 1410 sorte
866 1364 924 1430 per
951 1341 1097 1410 tenebrae
1125 1365 1197 1409 cum
1226 1343 1382 1431 principe,
1417 1345 1490 1433 quia
1510 1345 1543 1412 ri

209 1467 410 1526 attentantem
438 1459 552 1524 aeriter
580 1457 776 1544 reppulerat,
813 1459 927 1522 deinde
957 1457 1096 1541 agnitum
1119 1465 1280 1534 oraverat,
1317 1457 1406 1543 quasi
1428 1477 1543 1546 expro-

210 1569 350 1647 brasset,
384 1573 467 1636 mori
493 1574 624 1636 adactus
645 1579 703 1635 est
748 1574 831 1636 Nero
852 1577 957 1636 autem
980 1571 1167 1636 metuentior
1188 1569 1222 1636 in
1243 1578 1405 1655 posterum
1428 1569 1542 1638 milites

208 1681 269 1751 sibi
297 1696 329 1749 et
355 1683 522 1770 plerosque
550 1682 738 1768 gladiatores
766 1682 985 1758 circumdedit,
1019 1681 1074 1769 qui
1096 1681 1236 1748 rixarum
1255 1684 1345 1749 initia
1366 1685 1490 1750 modica
1512 1692 1579 1750 eise

209 1797 300 1884 qnasi
325 1797 448 1881 privata
474 1796 629 1862 sinerent:
665 1797 693 1860 si
714 1817 733 1860 a
753 1795 846 1860 laesis
875 1793 1007 1860 validius
1036 1800 1201 1880 ageretur,
1235 1816 1323 1862 arma
1351 1795 1538 1866 inserebant.

209 1909 361 1978 ludicram
391 1931 517 1998 quoque
547 1909 703 1975 licentiam
726 1920 758 1974 ei
778 1907 917 1974 leuiores
946 1907 1134 1974 histrionum
1164 1907 1250 1974 velut
1271 1909 1303 1974 in
1324 1909 1443 1995 praelia
1466 1932 1541 1978 cou-

278 2075 303 2124 i.
322 2068 474 2124 venditioni
491 2074 535 2130 ii,
569 2085 621 2123 non
641 2072 677 2122 ad
696 2072 873 2122 uenditionem
893 2083 933 2132 pr.
949 2070 1054 2133 ducit,
1074 2071 1142 2122 Bud.
1163 2071 1267 2124 i’utsol.
1289 2072 1412 2125 barceld.
1445 2075 1544 2127 limen·

208 2144 298 2195 datum
319 2148 345 2194 in
364 2145 434 2207 Spir.
467 2167 494 2177 -
516 2144 542 2195 5.
563 2142 650 2194 liebet
667 2143 746 2192 inuiti
762 2142 806 2203 ii,
829 2155 882 2192 nan
899 2143 978 2191 malti
997 2142 1064 2192 liud.
1085 2143 1158 2194 lieri·
1178 2143 1254 2195 bodl.
1274 2143 1325 2195 ies.
1347 2143 1417 2207 spir.
1436 2145 1541 2198 Puteal.

206 2214 267 2264 ller.
299 2211 327 2250 ·'-
356 2221 380 2264 ct
397 2213 442 2279 in]
462 2213 503 2263 J.
525 2211 584 2277 (sie)
602 2215 639 2264 Μ.
669 2237 701 2249 -
730 2213 863 2276 Iuliusque
882 2211 1011 2264 Orelliut:
1035 2209 1251 2278 intrarentin
1272 2217 1542 2280 aurenoteqatdem

206 2287 353 2349 significare
380 2289 490 2349 nequit,
521 2286 568 2335 sed
592 2297 671 2346 saepe
696 2285 723 2333 in
747 2283 776 2333 Μ
794 2284 873 2333 icisse
890 2290 953 2332 sunt
971 2291 1048 2335 notes
1067 2283 1170 2336 litterae
1188 2299 1231 2340 m,
1261 2279 1295 2345 si,
1323 2279 1432 2347 icet,
1459 2287 1542 2337 dalius

206 2357 310 2422 peridem
327 2369 387 2406 cum
406 2371 456 2420 sug.
480 2355 566 2407 Guell.
587 2357 652 2416 iieg.
666 2353 735 2415 spir.
751 2355 781 2413 ii,
802 2355 885 2403 iulias
899 2355 1007 2417 quidam
1019 2355 1100 2416 Lipsli
1115 2355 1210 2415 altere,
1231 2354 1363 2417 l’icbene,
1383 2356 1542 2417 elli,1aiius

206 2425 274 2475 liud.
296 2426 367 2476 Heri.
388 2426 463 2477 bodl.
483 2428 536 2478 les.
557 2426 706 2476 Oberiiuus.
738 2451 766 2462 -
794 2423 821 2474 ’1.
841 2426 976 2487 conpressi
993 2424 1031 2475 Μ.
1062 2449 1091 2460 -
1120 2427 1202 2488 anaia
1227 2431 1395 2487 temptantem
1416 2439 1475 2478 cura
1494 2426 1539 2478 lta.

206 2503 321 2548 treserss
348 2501 375 2547 iu
393 2497 442 2546 litt.
461 2511 477 2561 p
495 2500 533 2547 Μ.
565 2497 740 2546 Emeudstum
768 2498 794 2544 iu
821 2493 883 2558 Agr·
914 2519 945 2530 -
974 2494 1000 2546 8.
1021 2495 1180 2560 adapnituns
1207 2501 1331 2546 oracnat
1347 2497 1376 2548 Μ
1384 2532 1392 2553 .
1420 2499 1542 2561 apnittsat

206 2568 366 2618 adoraverat
384 2567 455 2618 baud
473 2569 540 2620 mele
560 2567 730 2617 Doederlein·
756 2591 788 2602 -
813 2564 838 2614 i.
860 2562 962 2628 autem]
981 2565 1073 2616 Utrum
1091 2564 1120 2617 ii
1137 2565 1233 2617 babeat
1246 2563 1299 2620 aii.
1314 2580 1346 2617 en
1359 2561 1403 2628 nt,
1417 2567 1540 2620 Baiteriti

207 2639 367 2700 distinguere
381 2641 513 2701 acacinm
534 2645 622 2688 tamen
634 2638 759 2688 Peterson
773 2635 849 2698 prob.
862 2635 1060 2686 Doederleinio.
1080 2660 1108 2674 -
1124 2639 1167 2687 ii.
1181 2636 1241 2686 ieris
1253 2636 1291 2688 Μ.
1307 2662 1336 2675 -
1351 2638 1541 2703 Habetinsere·

205 2707 269 2758 bant
285 2708 331 2768 Μ,
352 2721 404 2759 uon
421 2709 573 2760 inserebant
588 2709 654 2773 lieg.
668 2709 755 2769 Spin,
777 2719 825 2758 nec
837 2707 965 2770 inferrent
977 2705 1080 2758 Puteol-
1097 2706 1158 2757 Ber·
1172 2707 1296 2760 eiciens.
1311 2732 1343 2744 -
1355 2709 1398 2760 12.
1409 2709 1489 2760 netad
1500 2707 1538 2762 Μ.

202 2859 304 2927 posita]
325 2864 430 2926 proprie
449 2864 585 2922 interdiu:
615 2863 661 2916 sed
681 2868 760 2914 noctu
781 2862 852 2912 cleu·
889 2874 977 2913 necem
1000 2873 1101 2912 canas.
1132 2886 1165 2899 -
1194 2861 1259 2914 liem
1280 2861 1363 2916 insius
1381 2870 1471 2917 narrat
1488 2863 1539 2918 itio

204 2955 245 2994 ses
269 2942 422 2993 tabernulas
444 2942 584 3007 effrinpere
605 2951 629 2994 et
650 2943 766 3004 ecpiiare
785 2941 852 2992 sole·
889 2941 939 3001 iii,
958 2940 994 2993 is
1027 2937 1147 3005 Ἰούλιος
1171 2957 1214 3006 τις
1239 2941 1397 3008 Μοντανὸς
1419 2943 1540 3007 βουλον·

204 3021 259 3072 bst.
295 3021 371 3073 Suet.
392 3023 408 3073 i.
429 3023 447 3074 i.
469 3046 500 3058 -
530 3019 671 3084 inferrent]
690 3023 772 3084 tuqus
792 3034 851 3085 age·
890 3019 943 3087 τῆς
971 3017 1181 3088 ἀγανακτήσας
1216 3015 1289 3095 ὑπὲρ
1316 3021 1369 3088 τῆς
1398 3021 1540 3091 γυναικὸς

204 3109 264 3154 ient
286 3103 412 3154 aduersus
439 3104 549 3166 ipnaros
574 3109 647 3161 eet..
674 3115 721 3164 per
743 3101 851 3172 βραχυ·
889 3101 1053 3168 προσέπεσέ
1070 3115 1101 3151 es
1119 3094 1201 3166 αὐτῷ
1219 3102 1270 3152 καί
1292 3098 1406 3169 πληγὰς
1430 3102 1540 3168 πολλαὶς

202 3181 314 3248 λογίαν.
333 3179 596 3244 —oreprasferretl
616 3181 717 3232 Plinius
736 3181 786 3241 ii,
805 3181 850 3242 22,
888 3175 1085 3252 ἐνεφόρησαν·
1125 3172 1197 3232 ‹dab'
1224 3174 1283 3232 sind
1317 3179 1374 3232 τῶν
1399 3177 1538 3234 ὑπωπίων

203 3259 256 3312 tii:
290 3261 323 3313 de
352 3262 473 3323 tbepsie,
505 3262 604 3313 ieruiee
637 3273 752 3325 generes
782 3259 850 3310 Nero
888 3265 1011 3321 συχναῖς
1047 3253 1142 3310 αὐτὸν
1184 3253 1309 3332 ἡμέραις
1350 3261 1536 3333 κρυφθῆναι·

204 3340 301 3391 Caesar
324 3341 474 3392 claritatem
496 3344 519 3392 ei
546 3343 618 3392 dedit
635 3343 712 3391 initia
732 3340 848 3403 imperii,
887 3341 938 3388 καί
956 3331 1066 3389 ἔπαθεν
1084 3335 1132 3389 ἐπί
1154 3335 1250 3407 τούτῳ
1265 3335 1363 3390 δεινὸν
1384 3335 1491 3392 οὐδέν·
1518 3335 1536 3394 ὀ

202 3424 341 3472 nocturnis
352 3423 561 3487 praecationibus
579 3421 791 3472 converberatarn
808 3418 849 3481 [a-
887 3414 945 3487 γὰρ
965 3417 1085 3491 Νέρων,
1114 3414 1147 3468 ἐκ
1168 3419 1327 3481 συντυχίας
1342 3412 1435 3482 ἄλλως
1455 3411 1538 3488 ὖβρί·

202 3503 264 3552 siens
281 3501 385 3552 illinens
402 3503 453 3551 sibi
470 3503 545 3551 ibars
562 3515 690 3566 ceraque,
720 3507 745 3551 et
763 3504 849 3550 escaio
887 3495 959 3547 abae
970 3498 1104 3561 νομίσας,
1120 3490 1262 3562 ου’δεμίαν
1275 3491 1313 3548 ἄν
1325 3493 1419 3568 ὀργὴν
1431 3496 1537 3552 ἐποιεῖ-

202 3581 243 3632 die
260 3585 353 3632 contra
370 3579 471 3643 samam
489 3589 572 3632 cutem
592 3583 723 3631 sinceram
739 3581 848 3630 ciream·
888 3592 940 3636 το.
968 3579 995 3628 ei
1012 3572 1054 3644 μὴ
1074 3574 1237 3628 ἐπέστειλεν
1256 3570 1336 3644 αὐτῷ
1359 3575 1537 3644 συγγνώμην

203 3659 295 3722 [nens.
317 3685 345 3697 -
379 3661 470 3710 deinde
487 3657 544 3723 nbi]
564 3661 594 3710 in
614 3661 780 3721 impeditiore
798 3659 850 3710 bea
886 3652 1080 3720 αἰτούμενος·
1101 3649 1140 3717 ὥς
1158 3651 1215 3727 γὰρ
1228 3647 1379 3720 α’ναγνούς
1397 3649 1414 3708 ὁ
1434 3657 1536 3728 Νέρων

203 3739 318 3791 clausule
335 3736 478 3810 πρότασιν
497 3753 555 3792 esse
583 3740 670 3791 iudica
697 3739 791 3788 deinde
809 3764 819 3775 ·
837 3763 848 3774 ·
887 3731 923 3786 τὰ
941 3732 1101 3805 γράμματα
1117 3727 1197 3800 ἔφη,
1217 3727 1421 3801 Ου’κοῦνῆδη,
1440 3736 1536 3808 Νέρω·

202 3814 626 3882 insipnes,eta’rrddoorriribus
645 3819 768 3872 membris
787 3830 848 3868 con·
887 3829 924 3864 να
956 3811 1084 3876 τύπτων,
1116 3807 1210 3865 αὐτὸν
1245 3811 1469 3886 κατεχρήσατο;
1503 3841 1533 3854 ·-

201 3905 288 3952 sieres
309 3904 333 3947 et
350 3899 458 3962 qnidam
476 3905 549 3960 cet,
568 3905 591 3951 et
609 3902 639 3949 in
655 3901 847 3958 mociacensi„
886 3889 1028 3956 oraverat]
1059 3891 1139 3943 duem
1167 3895 1346 3944 coniecturam
1373 3895 1536 3948 adoraverat

201 3979 335 4043 Iuliasque
361 3985 413 4030 cet.
450 3977 528 4040 Quod
554 3978 634 4042 tulga
658 3979 741 4029 edunt
764 3978 848 4028 latias
886 3977 921 4024 ita
949 3973 1034 4023 firmet
1062 3970 1242 4024 Doederleini
1274 3973 1472 4039 «salutaverat,
1504 3983 1536 4028 ui

201 4059 305 4122 quietern
323 4065 350 4110 et
368 4062 522 4110 auctoritaie
541 4064 567 4110 ei
584 4065 647 4121 epto
663 4071 743 4110 sensu
757 4064 846 4117 esrem
886 4053 954 4104 ilist.
976 4053 1007 4111 1,
1026 4049 1079 4104 ao:
1101 4053 1216 4104 adorare
1233 4054 1338 4120 υυίριιι.
1367 4053 1436 4108 Ρίίυ.
1451 4055 1485 4106 ii.
1499 4057 1534 4108 N.

201 4137 274 4203 quad
302 4140 347 4190 etii
379 4138 550 4190 substitutum
588 4141 692 4192 iseruni
721 4140 844 4202 puidam,
884 4132 976 4194 8,1=
1016 4132 1147 4193 ciepbanti
1170 4145 1256 4199 sepem
1281 4133 1417 4192 adorant,
1448 4149 1536 4200 penae

200 4220 309 4270 minime
338 4218 466 4282 quadret,
501 4231 562 4270 cuin
592 4219 706 4272 bominis
734 4219 846 4282 dignitas
884 4213 1049 4262 submittant.
1086 4211 1193 4276 Alioqui
1210 4213 1365 4276 deprecatae
1383 4220 1440 4265 erat
1458 4215 1534 4270 'lael-

200 4301 332 4354 tenereris
351 4302 389 4348 toi
406 4299 492 4351 serbis
509 4307 664 4361 exponetur.
685 4325 710 4340 -·
735 4300 846 4358 captivi·
884 4293 1106 4354 sursumsunt,
1126 4306 1179 4344 non
1199 4300 1352 4346 oraverat.»
1385 4292 1453 4359 (Nisi
1471 4310 1534 4353 teto

200 4374 280 4444 tatis]
311 4382 386 4443 aussi
414 4382 484 4430 cises
509 4393 600 4430 ornnes
626 4387 714 4432 essent
737 4380 845 4440 captivi.
884 4373 982 4426 excidit
999 4373 1102 4424 venians
1121 4372 1162 4427 sel
1180 4375 1265 4425 simile
1284 4369 1413 4439 auid.)-
1434 4376 1534 4440 pleras-

201 4458 252 4519 iii,
270 4458 322 4509 iti:
342 4459 495 4520 captivitate
511 4459 627 4511 urbiam,
659 4459 727 4510 iiist.
743 4458 844 4517 astiti:
884 4466 932 4517 pne
962 4450 1142 4517 placitatores]
1180 4454 1237 4503 sehr
1261 4453 1311 4504 niel
1339 4453 1533 4520 Gladiatoren;

200 4538 397 4599 captivitatibus
415 4538 529 4588 urbiam.
547 4563 575 4576 -
594 4539 711 4588 nandans
729 4561 739 4574 -
758 4551 846 4602 capes·
881 4534 1020 4596 plerosque
1031 4532 1228 4597 piudiaioram,
1248 4539 1347 4586 uicum
1360 4535 1427 4585 Bud.
1443 4533 1532 4588 baeti.

198 4612 286 4681 sisset]
306 4617 497 4680 Replicendum
516 4617 565 4668 boc
584 4631 598 4668 e
618 4617 693 4668 Suet.
715 4617 771 4668 Oct.
794 4617 845 4670 382
884 4613 1050 4665 tes.Puieol.
1072 4613 1187 4665 edebant
1203 4620 1265 4665 ente
1280 4615 1446 4676 druentium,
1466 4614 1534 4670 ieret

197 4695 298 4748 Liberis
314 4700 480 4755 senatorum,
509 4709 559 4759 pua
582 4697 689 4747 celerias
707 4699 746 4746 rei
762 4697 847 4759 patit-
882 4693 1228 4746 diemeistenGiadiataren.
1244 4691 1297 4744 Cis.
1308 4693 1338 4744 C·
1349 4694 1399 4746 ais
1411 4695 1533 4758 piurimis

199 4789 245 4828 eae
260 4777 458 4834 admmesrent,
483 4779 606 4838 protinas
623 4777 726 4827 viritem
743 4783 843 4840 tapam,
882 4776 1015 4839 equitnm,
1025 4774 1156 4840 plerisque
1165 4773 1342 4826 senatoribus·
1362 4772 1486 4828 Weera.
1502 4799 1530 4812 -

200 4856 286 4906 iatam
309 4856 414 4906 ciarum
435 4856 541 4906 induere
565 4863 589 4905 ei
612 4858 704 4906 cartae
722 4857 846 4910 interesse
882 4851 1011 4918 sinerent]
1040 4867 1092 4906 non
1109 4853 1277 4908 aduerterent
1296 4867 1383 4918 usaue
1401 4868 1430 4908 se
1448 4855 1533 4908 immi-

195 4935 315 4997 pesmisit
348 4933 394 5000 (its
417 4935 531 4998 scilieet,
572 4940 601 4987 ui
624 4940 768 4987 sententies
793 4940 843 5000 ipsi
883 4941 996 4988 sterent.
1033 4933 1143 4996 imperi.
1168 4933 1296 4987 conida
1322 4934 1446 4996 tonsilia,
1477 4947 1532 5000 aaa

198 5014 317 5066 nonduin
346 5012 486 5079 dicerent).
526 5014 688 5068 lieieruniur
722 5015 773 5068 bne
802 5032 842 5073 rr.
882 5016 952 5069 Nero
971 5015 1028 5066 illos
1046 5014 1095 5064 sibi
1125 5013 1352 5071 circumdederet;
1383 5015 1532 5080 inserebant

198 5093 320 5148 Suetonii
338 5093 400 5145 Ner·
420 5095 474 5147 ab:
504 5110 522 5145 a
545 5095 661 5158 pendam
687 5095 845 5157 iatisiaoio,
883 5097 981 5153 deso,
1001 5093 1073 5160 quod
1091 5094 1181 5148 tiebat.
1200 5093 1322 5146 wiern.
1360 5095 1467 5148 Frustra
1479 5095 1531 5150 Pa·

197 5176 271 5228 seius
300 5187 411 5228 naerens
450 5181 656 5239 attrectaverat,
693 5189 778 5241 prope
806 5176 845 5230 ad
884 5175 1002 5229 secianus
1023 5176 1162 5243 inferrent.
1187 5201 1216 5217 -
1237 5175 1368 5230 ludicram
1385 5172 1528 5244 licentiam}
