3734 5917
324 512 384 578 isa
715 506 901 576 CORNELII
923 508 1057 575 Taciti
1077 508 1285 575 ANNALIUM
1329 586 1336 608 l

321 674 492 759 inciperet3
528 672 685 758 paucique
706 671 847 755 equitum
875 668 1041 753 corrupti,
1072 668 1177 753 plures
1206 672 1239 734 in
1261 666 1367 735 allicio
1399 688 1554 736 mansere.
1576 665 1663 735 aliud

321 788 435 871 vulgus
456 789 676 851 obaeratorum
697 792 752 848 aut
772 782 932 847 clientium
954 802 1042 847 arma
1064 783 1165 866 cepit;
1193 782 1407 868 petebantque
1427 785 1525 848 saltus
1548 785 1663 867 quibus

321 920 438 966 nomen
465 901 648 973 Arduenna,
683 916 755 961 cum
784 898 928 980 legiones
954 903 1088 983 utroque
1114 899 1154 961 ab
1177 898 1332 971 exercitu,
1367 916 1444 980 quas
1465 894 1664 963 Viselliusct

324 1016 358 1082 C.
382 1010 476 1077 Silius
503 1011 644 1075 adversis
676 1008 841 1074 itineribus
870 1006 1066 1083 obiecerant,
1100 1016 1279 1075 arcuerunt.
1315 1008 1570 1096 praemissusque
1591 1028 1663 1075 cum

286 1122 445 1199 ,delecta
478 1144 573 1188 manu
604 1121 703 1188 iulius
735 1120 832 1188 indus
865 1141 883 1186 e
916 1121 1040 1187 civitate
1072 1125 1200 1199 eadem,
1234 1120 1355 1187 discors
1386 1121 1480 1187 Floro
1508 1130 1540 1187 et
1567 1120 1609 1188 ob
1630 1120 1663 1187 id

323 1238 485 1303 navandae
508 1255 624 1320 operae
644 1233 788 1310 avidior,
811 1233 1005 1299 inconditam
1027 1233 1255 1301 multitudinem
1276 1234 1380 1300 adhuc
1398 1235 1530 1305 disiecit.
1550 1238 1662 1301 Florus

322 1352 451 1417 incertis
476 1348 606 1415 latebris
636 1346 773 1413 victores
793 1345 960 1413 frustratus
982 1356 1164 1435 postremo,
1201 1348 1276 1415 visis
1298 1347 1449 1415 militibus
1470 1348 1525 1435 qui
1547 1347 1663 1433 effugia

322 1462 523 1539 insederant,
562 1482 618 1526 sua
646 1481 742 1525 manu
770 1459 896 1525 cecidit.
921 1460 1013 1545 isque
1035 1461 1195 1525 Treverici
1217 1461 1368 1527 tumuitus
1389 1461 1471 1527 finis.
1496 1460 1556 1546 lid)
1578 1464 1662 1545 apud

323 1580 451 1643 Aeduos
478 1576 580 1639 maior
607 1576 708 1639 moles
733 1581 863 1649 exora,
901 1584 1019 1658 quanto
1048 1575 1156 1639 civitas
1182 1574 1362 1659 opulentior
1382 1584 1415 1639 et
1435 1576 1662 1660 comprimendi

286 1724 314 1764 10
324 1689 436 1778 procul
457 1686 660 1774 praesidium.
683 1687 946 1770 Augustodunum
968 1694 1061 1772 caput
1082 1686 1180 1770 gentis
1203 1690 1330 1753 armatis
1349 1688 1529 1755 cohortibus
1552 1692 1663 1755 Sacro-

324 1807 375 1871 rir
406 1810 614 1887 occupaverat
642 1808 675 1866 et
701 1797 928 1863 nobilissimam
955 1798 1124 1864 Galliarum
1147 1802 1313 1876 subolem,
1349 1800 1533 1867 liberalibus
1554 1799 1663 1867 studiis

325 1915 371 1981 ibi
392 1922 575 2003 operatam,
606 1921 643 1979 ut
664 1912 857 1998 eopignore
877 1920 1024 1998 parcium
1049 1912 1310 1998 propinquosque
1332 1934 1442 1979 eorum
1464 1913 1661 1997 adiungeret.

325 2027 418 2095 simul
440 2049 528 2092 uma
550 2026 674 2093 occulte
694 2024 845 2091 fabricata
872 2024 1027 2089 iuventuti
1053 2027 1206 2108 dispertit.
1231 2028 1436 2111 quadraginta
1457 2025 1542 2091 milia
1562 2026 1662 2100 luere,

326 2141 434 2228 quinta
454 2143 504 2208 sui
531 2148 622 2226 parte
648 2137 829 2224 legionariis
858 2137 970 2210 umis,
993 2140 1090 2203 ceteri
1111 2158 1180 2202 cum
1195 2137 1358 2205 venabulis
1371 2148 1403 2204 et
1418 2141 1545 2214 cultris,
1568 2160 1664 2225 quae-

286 2276 387 2341 nque
417 2254 477 2321 alia
506 2251 693 2318 venantibus
718 2253 780 2317 tela
807 2260 888 2319 sunt.
911 2249 1071 2315 adduntur
1093 2271 1110 2314 e
1132 2253 1269 2316 servitiis
1291 2250 1483 2337 gladiaturae
1504 2250 1661 2326 destinati,

326 2368 441 2453 quibus
463 2386 552 2431 mora
574 2366 698 2450 gentico
719 2365 905 2429 continuum
925 2362 1004 2427 ierri
1025 2366 1178 2445 tegimen:
1213 2364 1439 2451 cruppellarios
1460 2373 1591 2437 vocant,
1617 2367 1664 2429 in·
1709 2418 1712 2427 ,

325 2479 463 2546 ierendis
479 2478 594 2545 ictibus
607 2476 777 2551 inhabiles,
792 2475 981 2561 accipiendis
998 2476 1252 2561 inpenetrabiles.
1271 2480 1466 2560 augebantur
1481 2496 1538 2543 eae
1552 2478 1662 2561 copiae

324 2592 498 2660 vicinarum
520 2590 681 2658 civitatum
703 2596 739 2654 ut
758 2587 900 2654 nondum
921 2597 1029 2674 aperta
1051 2592 1272 2667 consensione,
1306 2593 1348 2655 ita
1369 2589 1484 2655 viritim
1506 2594 1661 2675 promptis

324 2706 451 2782 studiis,
474 2714 506 2771 et
528 2703 699 2769 certamine
723 2706 837 2769 ducum
860 2707 1091 2786 Romanorum
1130 2724 1208 2790 quos
1232 2703 1315 2768 inter
1337 2701 1555 2786 ambigebatur
1576 2712 1664 2768 utro-

394 2872 420 2919 1.
440 2869 507 2919 aliut
523 2868 563 2921 ti.
594 2894 625 2905 —
651 2868 678 2917 b.
701 2867 729 2917 C.
749 2866 793 2917 M:
814 2866 895 2917 Gaius
922 2866 953 2915 B.
984 2892 1013 2902 -
1040 2866 1067 2917 8.
1088 2866 1169 2917 cecid.
1195 2864 1252 2929 (stc)
1278 2866 1316 2919 iii.
1349 2892 1375 2903 -
1405 2873 1471 2930 apat
1495 2867 1531 2919 ii.
1562 2892 1588 2903 -
1620 2870 1661 2918 ti.

324 2942 513 3003 oeculpauerat
541 2939 578 2990 Μ.
604 2960 637 2972 -
663 2938 891 2987 nobilissimarum
915 2936 1021 2999 (omisso
1048 2936 1081 2999 et)
1108 2938 1146 2987 bi.
1167 2936 1285 2989 Correxit
1314 2937 1435 2999 bipsius3
1464 2937 1664 3001 siqueettscii-

324 3012 387 3061 iisne
413 3011 533 3063 excidere
568 3016 671 3073 poterat
708 3016 767 3069 post
793 3009 891 3059 litteras
918 3014 957 3056 at.
985 3006 1234 3071 (nobilissimamque
1261 3008 1376 3059 Picbena
1402 3016 1509 3060 auctore
1534 3011 1618 3059 Riiter
1636 3015 1664 3061 et

323 3081 507 3139 Doederlein.)
526 3105 560 3115 -
578 3081 664 3131 nabet
682 3080 799 3129 subolem
816 3077 859 3139 iti,
880 3090 933 3128 non
952 3079 1066 3129 sobolem
1084 3078 1214 3129 Beroaldi.
1237 3104 1265 3113 -
1285 3079 1367 3128 stadii
1385 3079 1436 3128 sibi
1453 3080 1492 3129 ni.
1512 3080 1605 3137 (studii
1625 3088 1664 3129 est

323 3155 350 3201 in
370 3152 422 3200 tine
441 3148 554 3211 versus.)
574 3176 597 3185 -
616 3151 659 3200 it.
676 3150 858 3213 religiosariir
870 3148 907 3200 iii.
923 3149 1042 3202 Correxit
1054 3150 1207 3201 Beroaldus·
1222 3176 1249 3189 -
1262 3147 1305 3198 iti.
1321 3150 1407 3199 ilabet
1419 3150 1610 3212 cruppellarios
1623 3150 1661 3201 it.

324 3220 453 3284 (Simplici
470 3235 491 3284 p
511 3219 639 3284 Lipsius.)
655 3246 688 3254 —
707 3220 749 3271 17.
767 3222 824 3286 inp.
841 3219 885 3271 M:
904 3222 967 3282 imp.
988 3220 1019 3270 B.
1042 3246 1070 3257 -
1087 3221 1134 3271 itae
1152 3220 1314 3282 beroaldus,
1334 3220 1422 3273 Obori.
1442 3220 1541 3273 Waith.
1557 3220 1661 3271 liuebn.

325 3290 473 3343 contrabi.

323 3420 351 3472 bi
372 3420 535 3480 potissimum
554 3423 647 3474 erant,
668 3419 715 3478 qut
729 3419 799 3479 gravi
813 3415 904 3468 tenore
917 3428 976 3477 pro·
1015 3417 1058 3467 iiia
1071 3416 1173 3469 Latina.
1195 3442 1225 3453 -
1245 3414 1368 3481 subolem]
1392 3431 1423 3470 es
1440 3432 1466 3471 s.
1485 3424 1662 3481 occupauerat

325 3498 448 3550 vinciaies
477 3496 640 3559 premebant.
671 3520 701 3531 -
734 3492 824 3559 atiud]
858 3503 975 3547 aeterum
1015 3498 1100 3549 elice:
1133 3500 1225 3559 aquari
1245 3498 1349 3550 obsides
1367 3501 1392 3547 in
1414 3505 1569 3558 potestatem
1588 3510 1663 3549 suam

324 3579 432 3642 vulgus,
464 3577 536 3638 quod
558 3577 679 3638 pellicere
698 3587 805 3625 necesse
825 3588 878 3625 non
898 3577 976 3627 babe-
1015 3578 1176 3640 redegerat.»
1212 3577 1326 3629 Medicet
1339 3578 1563 3629 nobilissimarum
1576 3584 1662 3629 ortum

324 3658 388 3717 bat,
408 3660 470 3720 quia
489 3658 560 3707 uitro
573 3659 597 3707 ei
611 3655 818 3718 obtemperabat.
832 3680 863 3691 -
882 3657 977 3719 usipus
1015 3671 1045 3708 es
1070 3657 1163 3707 stolide
1189 3659 1431 3710 accommodatione
1457 3658 1490 3708 ad
1515 3672 1539 3710 v.
1563 3654 1665 3707 Gallia·

325 3733 526 3799 obaeratorum]
556 3736 647 3800 quates
674 3743 700 3786 et
727 3740 797 3786 inter
824 3737 896 3797 ipsos
925 3737 977 3787 ire·
1014 3751 1074 3787 ram
1092 3751 1106 3787 s
1125 3737 1262 3789 Writberc
1282 3737 1419 3790 detonsum
1439 3752 1497 3790 esse
1516 3751 1597 3801 prope
1623 3742 1663 3788 in·

325 3826 439 3879 quentes
458 3823 542 3869 erant.
581 3816 677 3867 Caesar
695 3816 726 3864 ii.
742 3815 774 3866 G.
792 3817 823 3874 1,
842 3814 877 3865 le:
898 3815 977 3877 Orpe-
1015 3818 1140 3869 credibile
1160 3824 1208 3867 osi.
1226 3842 1260 3852 -
1280 3816 1431 3869 liberalibus
1449 3815 1560 3881 stadiis]
1582 3818 1662 3870 Vides

323 3900 397 3946 toria
423 3898 527 3948 clientes
546 3896 738 3960 obaeratosque
762 3908 837 3954 suos,
865 3908 978 3959 quoram
1015 3912 1046 3949 eo
1072 3900 1123 3947 iarn
1157 3896 1284 3947 culturam
1311 3898 1457 3949 Romanam
1490 3906 1549 3960 post
1580 3898 1660 3949 iiix.

321 3990 447 4042 maguam
463 3989 604 4027 numerum
621 3976 751 4036 babebat,
772 3977 861 4026 eodem
879 3976 977 4025 coadu-
1014 3979 1120 4027 circiter
1138 3990 1219 4028 annos
1240 3984 1401 4039 penetrasse.
1420 4004 1455 4013 -
1481 3980 1664 4043 quadraginta

322 4060 374 4107 ait.
408 4080 435 4092 -
469 4053 619 4117 elisatiam]
651 4056 738 4113 biorn
771 4069 884 4119 quorum
905 4055 976 4117 apud
1013 4056 1100 4120 milia]
1120 4058 1289 4115 Aeduorum,
1309 4072 1362 4109 non
1381 4059 1539 4122 utliyeisius
1558 4059 1663 4111 etha·

325 4137 412 4188 Gaiios
431 4148 535 4186 summa
553 4136 619 4187 iides
636 4139 663 4186 in
681 4144 814 4197 patronos.
834 4136 974 4188 Caesarii.
1014 4136 1169 4187 teaubriand
1194 4134 1325 4200 (diorigas
1352 4140 1382 4188 i..
1403 4136 1477 4201 Vll.)
1505 4143 1571 4191 mire
1589 4152 1663 4191 acce·

324 4217 357 4269 G.
377 4216 482 4278 Lito:
510 4216 664 4275 clientibus,
683 4218 867 4280 quibusmore
886 4217 975 4268 Gatia-
1014 4229 1094 4277 pere,
1127 4217 1353 4281 adolescentium,
1394 4223 1440 4281 qni
1479 4219 1662 4283 Augustoduni

322 4310 385 4346 ruas
409 4295 483 4359 aetas
507 4299 544 4343 est
569 4297 652 4345 etiam
673 4296 703 4344 ia
728 4304 848 4345 extrema
865 4296 975 4359 fortuna
1013 4296 1165 4347 liberalibus
1177 4297 1272 4347 studiis
1286 4312 1393 4359 operam
1407 4299 1515 4349 dabant·
1534 4324 1565 4337 -·
1585 4300 1663 4363 ieqio-

323 4376 440 4427 deserere
455 4380 593 4437 patronas.
613 4374 684 4423 Eas.
706 4399 736 4410 -
755 4377 819 4425 uisis
835 4374 972 4439 militibus]
1011 4378 1098 4425 aariis
1123 4374 1220 4440 armis]
1256 4378 1368 4441 gladiis,
1398 4378 1477 4440 pilis,
1506 4381 1596 4429 scutis·
1628 4404 1661 4417 -

323 4459 488 4517 conspiciens
507 4466 598 4504 omnes
618 4455 702 4505 esitus
720 4468 736 4504 r
755 4456 973 4507 miiitibusoccu-
1011 4454 1196 4519 piadiaturae]
1233 4456 1367 4508 Gaiiorum
1406 4459 1586 4509 mirmiiioncs.
1628 4484 1657 4495 -

322 4543 399 4598 patos
418 4548 484 4586 esse.
516 4534 650 4583 Fasinsn.
671 4537 698 4583 in
719 4534 884 4596 Parapbrssi.
929 4538 974 4587 Sic
1010 4533 1128 4599 pertua]
1159 4536 1215 4586 iiac
1241 4535 1323 4587 torma
1343 4541 1494 4597 posterioris
1511 4538 1660 4589 Latinitatis

322 4618 393 4667 litet.
413 4614 446 4673 3,
466 4613 515 4663 bas
534 4615 593 4663 aisa
611 4614 699 4664 caede.
744 4615 818 4665 rideo
837 4616 972 4667 insolitum
1011 4628 1073 4665 usus
1102 4623 1141 4665 est
1165 4619 1243 4667 etiam
1271 4617 1306 4677 a,
1333 4616 1399 4675 33.;
1432 4619 1524 4668 erdem
1551 4624 1663 4669 utuntur

322 4698 374 4747 boc
393 4698 476 4745 visum
496 4698 537 4745 est
554 4694 680 4755 Heinsio,
709 4701 739 4745 ut
764 4698 906 4747 conticeret
925 4697 973 4747 ob·
1011 4695 1182 4757 Ammianus,
1209 4697 1344 4755 Avienus,
1374 4697 1562 4749 Tertullianus.
1607 4696 1660 4747 Cir.

321 4778 380 4826 oius
397 4790 434 4825 ra.
1012 4774 1129 4825 Gronov.
1148 4776 1180 4827 ad
1198 4775 1255 4827 Lis.
1275 4776 1308 4837 2,
1328 4776 1372 4827 58.
1393 4804 1425 4813 -
1453 4774 1660 4841 cruppellarios]

356 4855 401 4905 43.
420 4850 652 4917 Augustodunum}
672 4860 750 4905 autea
768 4854 908 4915 Bibracte,
928 4855 973 4903 lio-
1012 4854 1069 4903 iioc
1097 4869 1122 4905 v.
1152 4868 1281 4919 nusquam
1315 4857 1377 4906 aiibi
1408 4859 1518 4919 reperiri
1546 4858 1661 4909 videtur.

323 4934 478 4985 dictatura
503 4932 694 4999 (Boarpogae).
722 4936 781 4985 Non
800 4941 889 4985 autern
907 4935 973 4986 baec
1010 4934 1135 4985 Nazarius
1153 4934 1218 4987 Pan·
1237 4936 1401 4987 Constantini
1420 4936 1465 4985 22.
1491 4936 1659 4999 Lampridius

322 5012 547 5066 unicatlaiioruut
567 5015 673 5075 ecbola,
692 5016 739 5066 sed
758 5015 873 5067 biassiiis
893 5016 971 5065 etism
1011 5014 1433 5073 insererobtt.1irnmian.id,
1461 5018 1503 5067 io.
1531 5016 1596 5069 iales
1615 5018 1661 5067 cii-

323 5094 471 5145 etudiorum
490 5096 599 5145 nornine
625 5095 765 5156 petebatur
781 5096 815 5155 i,
834 5094 878 5143 ii.
900 5094 968 5160 ‚agr
1012 5094 1137 5143 baaarios
1161 5096 1185 5155 (s
1204 5092 1351 5165 κλιβάνῳ,
1378 5110 1430 5159 quo
1456 5110 1479 5147 r.
1499 5096 1553 5147 Leo
1580 5100 1662 5159 irnpe-

321 5176 349 5227 t.
376 5174 477 5226 Verum
503 5174 569 5227 hacc
594 5177 682 5239 potius
711 5176 872 5227 Graecanica
896 5180 971 5233 crat;
1011 5177 1081 5225 rator
1104 5176 1188 5223 utitur
1213 5188 1259 5238 pro
1278 5175 1393 5233 tiroracei
1419 5182 1446 5227 et
1475 5177 1662 5241 cataphractos
