3734 5917
285 509 348 568 XV!

285 657 482 750 seriptum
502 665 687 732 varietates
708 666 861 752 primum,
890 663 951 730 sed
973 667 1202 756 negligenter,
1234 667 1404 755 excerpsit
1423 667 1618 752 menenius,

286 777 409 844 maiore
419 796 501 846 cura
507 765 841 862 Strombeckiua'eed
856 781 1104 847 accuratissime
1114 780 1282 865 westher,
1295 784 1351 868 oui
1360 781 1551 848 etiambaee
1561 799 1621 848 an·

287 893 433 958 nouvlt:
459 887 593 960 «Codex
604 890 807 977 compendiis
818 893 921 958 utitur
933 894 1130 984 vulgaribus
1139 898 1174 960 et
1190 895 1352 986 singulari
1369 894 1620 985 orthographia,

286 1025 319 1070 v.
333 1022 363 1071 c.
383 1010 480 1096 prot,
502 1010 639 1097 quotue,
662 1025 777 1098 wem,
800 1025 906 1097 puter,
928 1025 1049 1097 epeeur
1067 1000 1152 1092 [pro
1164 1001 1323 1099 aucerre),
1344 1011 1501 1098 aperitin,
1523 1012 1621 1075 ortua

287 1109 372 1204 (pro
392 1110 555 1206 leuetur),
577 1124 708 1205 ceretto,
731 1125 944 1205 coertionem,
965 1119 1114 1209 pirama,
1137 1126 1277 1212 questus
1304 1114 1389 1209 (pro
1416 1111 1619 1212 quaestus),

287 1234 409 1299 eootua
430 1222 514 1317 [pro
531 1225 713 1324 coucam),
735 1251 884 1323 tropaeam
898 1252 972 1300 cun
991 1235 1048 1300 lin
1062 1225 1147 1320 (pro
1162 1226 1383 1326 oenomaum),
1405 1253 1451 1301 uo
1471 1253 1544 1301 cum
1564 1234 1621 1299 lin.

287 1335 372 1430 (pro
387 1335 511 1435 ntum),
533 1349 690 1412 acciretur
709 1336 794 1431 [pro
815 1337 1031 1433 ocdoadae),
1053 1353 1298 1437 imposterum,
1320 1351 1453 1433 tmpoee
1472 1339 1558 1433 (pro
1583 1350 1622 1412 tre

286 1448 416 1547 poce),
444 1461 625 1547 reportetur,
658 1457 738 1524 mete
760 1461 795 1524 et
816 1459 860 1524 al.
882 1459 1039 1526 Eiusdem
1061 1465 1114 1526 est
1138 1461 1280 1527 iamiiiae
1302 1478 1374 1528 cum
1396 1454 1501 1531 MSS.
1526 1457 1621 1526 0xo-

288 1571 459 1638 niensibus
481 1573 514 1636 et
541 1572 729 1658 plerumque
751 1590 823 1639 cunt
845 1570 897 1638 hle
919 1575 966 1638 lta
988 1575 1173 1661 conspirat,
1202 1577 1239 1639 ut
1265 1593 1306 1639 ex
1332 1593 1373 1640 eo
1399 1575 1511 1660 possis
1534 1575 1621 1640 sarl-

288 1687 417 1770 pturam
444 1680 680 1752 oxoniensium
699 1683 866 1770 divinare,
888 1687 917 1752 sl
940 1685 1071 1774 quando
1093 1687 1269 1754 Broterlue
1285 1705 1357 1754 eam
1378 1704 1446 1754 non
1469 1685 1622 1773 prodidit.

288 1795 419 1867 Multae
432 1799 546 1865 ineunt
560 1799 786 1866 correctiones
806 1816 828 1865 a
849 1801 1037 1867 recentiore
1059 1817 1154 1867 nanu
1177 1800 1304 1885 inane,
1326 1818 1411 1888 quae
1433 1801 1624 1889 plerunque

288 1911 501 1980 consentiunt
523 1929 596 1979 cum
618 1909 763 1978 editione
785 1903 966 1998 Spirensi.»

375 2043 435 2111 18.
456 2042 689 2125 andensis,
710 2043 979 2112 membranaceus
1001 2046 1035 2110 et
1061 2045 1133 2112 sine
1159 2044 1277 2130 titulo,
1305 2064 1399 2132 quem
1424 2045 1500 2111 oiim
1525 2044 1623 2112 lilat-

290 2156 377 2225 thias
391 2152 566 2241 Corvinus,
587 2157 781 2246 Hungariae
791 2157 1036 2244 Bohemiaeque
1052 2177 1113 2224 rex
1130 2177 1173 2225 ex
1184 2160 1250 2224 alio
1261 2152 1342 2225 MS·
1354 2158 1546 2225 Florentiae
1561 2156 1624 2224 de-

289 2269 498 2338 scribendum
513 2267 541 2347 ¹)
562 2274 596 2338 et
622 2269 739 2337 liudee
759 2271 792 2336 in
815 2269 1024 2338 Bibliotheca
1045 2274 1140 2360 regin
1160 2271 1399 2338 asservandum
1425 2275 1623 2359 curaverat3

290 2383 379 2450 unde
411 2383 636 2468 Budensis,
678 2380 965 2451 corvinianus
996 2387 1031 2450 et
1060 2405 1081 2449 a
1106 2383 1270 2450 Rbennno
1300 2383 1463 2474 Regius
1495 2384 1625 2453 dicitur.

290 2497 374 2566 Eum
395 2497 504 2583 paullo
531 2500 608 2583 post
633 2495 825 2563 vladislaus
849 2497 895 2563 ll.
915 2516 976 2562 rex
999 2496 1123 2563 Iacobo
1145 2493 1337 2588 Spiegello‚
1360 2499 1415 2584 qul
1434 2497 1625 2582 imperatori

292 2610 521 2678 Maximilieno
538 2611 565 2676 l.
586 2629 607 2674 a
628 2627 725 2675 manu
746 2615 780 2675 et
799 2611 946 2677 consiliis
960 2614 1048 2694 erat,
1071 2615 1105 2676 et
1128 2609 1182 2676 hic
1202 2629 1291 2676 anno
1315 2609 1429 2677 talc.
1461 2609 1625 2677 Rbennno

293 2723 380 2790 dono
398 2723 546 2790 dederat.
560 2721 706 2789 'landen
722 2741 804 2789 vero
820 2724 875 2788 ille
890 2726 925 2788 et
941 2723 1062 2790 abhinc
1076 2722 1148 2788 iere
1163 2726 1261 2789 annis
1276 2723 1313 2788 L.
1333 2723 1533 2789 hereditario
1554 2723 1626 2788 ture
1748 2751 1755 2758 ·

292 2837 335 2904 ad
356 2838 577 2903 lloersnerum
599 2839 817 2922 pervenerat,
842 2837 1077 2902 tormentariae
1101 2836 1149 2901 rei
1166 2835 1379 2923 perGuliiam
1404 2837 1626 2924 praetectum,

291 2952 387 3039 laque
403 2970 495 3017 usum
510 2951 582 3017 cius
596 2947 988 3017 concesserat0berlino.
1010 2950 1073 3017 llic
1089 2953 1141 3015 est
1155 2949 1263 3017 codex
1278 2950 1343 3032 ille,
1359 2969 1423 3037 quo
1438 2929 1639 3017 duceltbe·¹

293 3083 400 3131 nanus
410 3067 444 3130 et
456 3061 635 3132 0berlinus
650 3063 826 3128 nonnullos
841 3061 970 3150 quidem
980 3061 1087 3130 Taciti
1102 3064 1210 3146 locos,
1225 3065 1404 3149 praecipue
1419 3081 1494 3150 eos,
1509 3063 1628 3149 quibus

293 3178 374 3245 nibil
394 3196 501 3265 paene
519 3180 687 3243 enotatum
710 3195 753 3242 ex
774 3177 848 3242 aliis
869 3170 994 3254 MSS..
1017 3174 1233 3242 emendarunt
1255 3183 1287 3243 et
1311 3177 1546 3263 restituerunt,
1567 3173 1627 3240 sed

292 3291 395 3378 longe
420 3290 533 3377 plures
554 3296 589 3356 et
615 3307 720 3375 paene
741 3290 929 3355 innumeros
951 3288 1198 3370 depravaruntr
1233 3306 1306 3355 narn
1333 3288 1398 3357 diei
1419 3290 1479 3355 vix
1505 3291 1628 3376 potest,

294 3423 390 3492 quam
405 3404 505 3470 multe
520 3405 554 3468 ln
569 3421 608 3468 eo
623 3402 680 3468 vel
694 3420 810 3469 socors
823 3401 1042 3489 stupidusque
1056 3401 1209 3470 librarius
1223 3404 1408 3488 corruperit
1423 3405 1457 3468 et
1472 3403 1628 3487 omiserit,

293 3518 350 3583 vel
375 3517 509 3604 ineptus
536 3516 757 3601 interpoletur
789 3517 951 3581 orationis
978 3518 1150 3582 contextui
1182 3515 1366 3582 inculcarit
1403 3514 1473 3582 ¹lle
1497 3516 1629 3582 interna

294 3631 366 3698 elus
386 3629 497 3697 indole
519 3628 596 3694 vide
619 3625 810 3696 0berlinum
832 3628 865 3694 in
887 3627 1000 3696 Praei.
1021 3647 1053 3714 p.
1074 3626 1300 3695 xlii-xx.

380 3768 441 3839 19.
466 3769 675 3856 Rudolphi
699 3769 951 3858 Agricolae,
971 3769 1219 3836 recentissimus
1241 3772 1275 3835 et
1297 3771 1376 3836 mire
1398 3769 1630 3856 interpolatus,

295 3885 389 3953 cuius
409 3883 571 3952 lectiones
590 3884 772 3973 vulgarunt
793 3882 926 3968 Lipsius
947 3872 1025 3966 (cui
1046 3901 1105 3949 cas
1125 3883 1259 3949 miserat
1274 3873 1450 3967 Medios),
1472 3883 1630 3949 Heinsius

296 4002 330 4066 et
350 3995 520 4084 Ryckios,
541 3996 684 4063 lacobus
704 3993 904 4064 Gronovius
946 3995 998 4062 lle
1022 4013 1062 4062 eo
1087 3995 1220 4082 Lipsius
1242 3997 1276 4061 tn
1300 3994 1448 4062 Praetot.
1473 3995 1516 4062 ad
1541 3994 1631 4061 Edit.

298 4108 435 4180 abac:
459 4107 796 4194 olllultnlludolpbus
814 4109 1013 4176 observarat
1034 4113 1068 4173 et
1090 4108 1133 4173 ad
1153 4108 1332 4196 marginem
1353 4109 1428 4175 libri
1447 4110 1498 4174 sul
1519 4112 1630 4174 rettu-

296 4226 402 4308 lerat,
435 4222 495 4289 sed
517 4223 580 4306 ita,
613 4225 651 4287 ut
676 4223 746 4288 iuro
767 4221 933 4312 ambigas,
961 4224 1113 4307 prompta
1137 4239 1178 4288 ea
1199 4239 1218 4288 e
1242 4221 1477 4288 vetustissimis
1497 4221 1590 4289 libris
1604 4217 1631 4296 ⁹)

297 4341 380 4422 sint,
402 4357 446 4404 an
468 4337 510 4404 ab
533 4339 634 4422 ipso.»

301 4500 522 4516 ——2-——5

367 4605 394 4672 t)
412 4606 490 4660 llaud
509 4603 590 4656 dubie
609 4617 639 4656 er
659 4617 713 4656 uuo
733 4607 811 4658 utum
829 4606 934 4659 illorum
953 4605 1189 4671 praeterirent.
1209 4610 1237 4657 et
1253 4603 1289 4656 ll.
1308 4603 1467 4657 aliendiato
1484 4605 1631 4670 descripto·

298 4713 367 4754 rum.
405 4699 508 4750 Etenim
527 4700 719 4748 mercenarium
739 4698 894 4760 scriptorem
911 4699 985 4751 bled.
1000 4699 1035 4747 ll.
1053 4700 1183 4760 scriptura
1200 4694 1395 4758 Langobardies
1414 4696 1447 4747 ab
1467 4701 1538 4748 amal
1560 4699 1629 4748 elos-

299 4790 371 4844 modl
397 4794 491 4842 eooetu
518 4787 652 4841 deterrere
679 4787 811 4847 debebat,
843 4801 903 4842 com
931 4801 1028 4853 «supra
1055 4801 1136 4856 quam
1169 4787 1220 4838 dtel
1257 4787 1355 4851 possita
1385 4787 1518 4852 eleganter
1548 4791 1629 4841 ceteri

300 4887 390 4937 meent
408 4883 516 4936 exarati.
553 4879 604 4932 Oa.

369 5005 396 5073 8)
424 5009 468 5061 sle
486 5009 559 5060 multi
577 5014 640 5060 tuoe
656 5007 786 5062 vocabant
803 5009 883 5062 etlam
902 5005 1034 5072 eleuata
1059 5003 1118 5056 iiior
1142 5001 1265 5064 codices,
1296 5005 1341 5067 qui
1360 5002 1419 5057 See.
1440 5001 1498 5053 XV.
1517 5007 1632 5055 ereuata

300 5107 362 5156 tute
388 5101 520 5153 torentem
545 5096 741 5165 typonopbtem
767 5109 799 5151 er
824 5094 938 5150 oltletnlr
964 5095 1075 5154 librerilr
1092 5093 1250 5147 Florentinis
1268 5099 1297 5145 et
1312 5091 1554 5147 Mediolanensibus
1573 5102 1633 5157 pro·

301 5191 413 5245 dieunt.
451 5187 503 5241 οι.
