3734 5917
398 508 464 581 ‘506
788 504 978 575 CORNELII
999 506 1356 577 seussionensis

402 678 495 737 torvo
516 666 602 737 subu
624 673 707 745 erat,
732 663 799 735 eive
822 670 860 735 G.
878 667 1008 745 Caeam,
1030 674 1206 735 scortorum
1220 686 1348 755 quoqne
1362 663 1508 752 cupiens,
1530 665 1628 733 etism
1643 668 1748 733 metri

402 785 472 877 eius
492 781 599 848 illusit.
645 776 706 864 (73)
728 777 783 847 sed
806 783 889 847 Nero
912 789 1025 849 vocato
1045 788 1175 859 senatu,
1209 782 1355 848 oratione
1378 779 1462 847 iuter
1488 789 1595 865 miros
1617 777 1745 852 isebits,

403 894 538 961 edictum
560 896 642 980 opud
665 891 816 979 populum
839 899 873 960 et
892 893 1006 959 coliata
1026 894 1060 959 in
1081 891 1179 961 libros
1205 892 1322 959 indicia
1349 892 1629 981 confessionesque
1649 895 1747 958 dem-

401 1016 546 1074 noiorom
558 1007 712 1073 adiunxit.
737 1006 852 1073 etenim
867 1004 981 1073 crebro
999 1006 1087 1091 vulgi
1098 1026 1226 1073 rumore
1239 1008 1452 1083 lacerabatur,
1476 1015 1639 1093 umquem
1651 1007 1746 1071 viros

378 1128 435 1187 set
455 1120 593 1188 insontes
614 1117 657 1186 ob
677 1118 827 1187 insidiam
850 1126 905 1185 aut
925 1127 1044 1185 metum
1071 1120 1282 1185 exstinxisset.
1318 1128 1456 1185 ceterum
1482 1128 1628 1204 coeptam
1649 1117 1745 1185 adul·

401 1242 527 1321 umque
548 1241 579 1299 et
601 1232 749 1299 revictam
772 1233 1022 1299 coniurationem
1051 1254 1154 1319 neque
1182 1240 1257 1299 tunc
1278 1234 1462 1299 dubitavere
1487 1234 1602 1319 quibus
1624 1252 1745 1299 verum

396 1348 553 1413 noscendi
584 1365 659 1412 curt
692 1352 779 1421 erat,
815 1352 846 1409 ιι
873 1344 1011 1411 latentur
1037 1348 1092 1432 qui
1119 1353 1192 1429 post
1216 1344 1378 1411 interitum
1406 1347 1541 1411 Neronis
1566 1344 1600 1411 in
1622 1346 1744 1409 orbern

400 1460 537 1545 regressi
557 1467 639 1526 suni.
661 1467 693 1524 at
706 1458 738 1524 in
753 1466 863 1523 senatu
884 1454 1022 1533 cunctis,
1045 1466 1080 1523 ut
1093 1454 1205 1543 cuique
1227 1455 1397 1543 plurimum
1418 1456 1589 1531 maeroris,
1610 1461 1646 1523 in
1659 1459 1746 1523 edu·

400 1570 549 1639 lationem
572 1569 733 1648 demissis,
767 1571 891 1635 iunium
920 1567 1093 1635 Gallionem
1121 1572 1260 1637 Senecae
1281 1571 1389 1637 fratris
1410 1581 1513 1638 morte
1532 1570 1689 1657 parisium
1711 1578 1745 1635 et

362 1704 459 1772 aspro
480 1705 538 1752 sua
558 1682 770 1751 incolumitate
800 1683 973 1768 supplicem
1003 1681 1159 1766 increpuit
1188 1682 1330 1750 Salienus
1357 1685 1522 1761 Clemens,
1555 1684 1686 1749 hostem
1709 1692 1746 1746 et

401 1796 590 1881 parricidam
618 1816 750 1873 vocans,
789 1793 889 1861 donec
918 1814 1073 1861 consensu
1102 1803 1224 1882 petrum
1246 1795 1414 1863 deterritus
1434 1805 1501 1873 est,
1537 1816 1579 1863 nc
1599 1795 1745 1881 publicis

396 1909 490 1979 melle
511 1909 598 1975 obuii
620 1911 660 1975 ed
682 1910 878 1975 occasionem
899 1905 1014 1991 privati
1035 1906 1100 1975 otii
1122 1908 1302 1983 rideretur,
1324 1930 1388 1973 neu
1407 1908 1584 1993 composite
1602 1918 1661 1973 eui
1683 1906 1745 1975 ob·

399 2021 535 2107 litterata
556 2020 794 2089 mansuetudine
815 2020 967 2107 principis
988 2042 1102 2089 notant
1119 2018 1159 2088 etl
1174 2020 1337 2087 saevitiam
1351 2024 1539 2089 retraheret.
1585 2018 1649 2105 (74)
1672 2030 1743 2087 tum

400 2138 484 2205 dona
505 2144 537 2202 et
558 2143 661 2222 metes
682 2132 749 2202 deis
771 2131 1002 2212 decemuniur,
1039 2132 1251 2220 propriusque
1281 2136 1384 2200 bonos
1405 2133 1471 2201 Soli
1495 2132 1556 2219 (cni
1577 2143 1627 2201 est
1648 2143 1742 2203 tetus

470 2339 495 2389 i.
517 2336 548 2391 G.
568 2335 612 2388 bit
633 2336 715 2388 Gaius
731 2334 762 2385 li.
790 2359 823 2370 -
847 2333 874 2383 t.
893 2335 1098 2399 dampnatorum
1115 2335 1256 2387 odisocss't
1271 2334 1310 2387 bl·
1329 2361 1362 2372 -
1380 2335 1406 2386 d.
1427 2342 1501 2398 tono.
1521 2336 1547 2387 bi
1560 2334 1591 2385 B.
1614 2360 1647 2373 -
1666 2337 1698 2386 5.
1717 2340 1743 2385 st

399 2407 573 2459 insontesbls
595 2407 711 2458 istsosstes
730 2418 788 2456 cum
808 2402 888 2455 Corb.
907 2406 938 2455 il.
968 2430 998 2443 -
1026 2406 1208 2456 commemoret
1224 2407 1263 2457 bi.
1293 2430 1324 2443 -
1346 2412 1447 2467 ceptam
1464 2404 1502 2457 tt.
1522 2430 1555 2443 -
1572 2406 1599 2455 b.
1620 2406 1742 2455 dimissu

399 2476 839 2533 bi.limendetume1¹utecieno.
870 2500 898 2513 -
930 2475 973 2525 tt.
992 2470 1138 2539 compositd
1165 2482 1214 2525 sot
1239 2472 1381 2527 obtitmotd
1397 2476 1458 2539 (stc)
1476 2472 1682 2529 mamsedis?
1702 2476 1740 2526 tt.

402 2550 521 2603 correxit
538 2548 653 2610 ntpstus.
678 2572 706 2587 -
727 2544 769 2597 tt.
790 2547 913 2595 reoitiom
931 2546 968 2596 bt.
990 2572 1018 2585 ·-
1039 2550 1095 2596 tom
1111 2548 1218 2598 decretu
1235 2548 1307 2598 dona
1323 2546 1361 2598 bi.
1388 2552 1504 2599 Auctore
1527 2546 1549 2598 i.
1568 2546 1611 2597 i'r.
1634 2546 1741 2598 Grono-

399 2623 443 2675 tio
461 2627 522 2684 post
538 2619 692 2671 Oberitouto
710 2631 735 2673 t·
757 2615 863 2669 decreto
881 2616 980 2668 delerit
996 2616 1029 2667 B.

364 2854 366 2862 Ι
401 2796 455 2854 mi,
475 2794 626 2857 proctiitots
642 2793 762 2843 marimo
777 2790 1047 2851 cervictsetcrsrssm
1086 2796 1144 2848 set,
1175 2803 1208 2841 en
1237 2797 1291 2842 tote
1324 2805 1364 2843 res
1392 2806 1407 2843 ι
1436 2791 1597 2845 delatoribus
1624 2793 1738 2843 conticte

369 2870 373 2881 ’
402 2874 482 2925 oculis
500 2881 525 2925 et
542 2872 701 2937 temporibus
720 2872 858 2927 concussis,
886 2872 973 2932 tronto
990 2869 1049 2920 luto
1087 2877 1166 2922 essct.
1183 2895 1214 2906 -
1225 2868 1355 2937 [stratur]
1370 2872 1471 2936 «Ergo,
1486 2888 1538 2937 quo
1552 2880 1674 2937 tempore
1688 2874 1739 2926 Te·

402 2959 426 3005 st
442 2961 530 3005 toruo.
561 2954 635 3005 Suet.
655 2952 710 3003 t'si.
731 2952 775 3003 50.
798 2976 826 2989 —
847 2946 941 3013 illusit]
972 2952 1047 3013 uuest
1087 2956 1154 3002 citus
1178 2951 1245 3003 lseec
1272 2955 1396 3014 ecrtpstt.
1425 2956 1443 3005 ii
1462 2956 1658 3009 semestrem
1682 2954 1739 3017 (ιιι

404 3046 451 3096 per
476 3034 618 3083 tuuttrtum
646 3044 677 3084 ce
713 3038 742 3083 ut
768 3029 810 3082 rili
838 3033 977 3081 meretrice
1004 3028 1048 3082 sb-
1086 3036 1181 3091 scripte
1218 3032 1310 3083 seitetn
1346 3046 1437 3085 eorusn
1471 3037 1605 3087 exstitere.
1633 3032 1738 3097 ibose.)

401 3125 467 3180 usus
487 3121 534 3164 est.
554 3108 773 3173 (missbrouciseo,
795 3110 912 3173 edures.)
1045 3158 1050 3166 ,
1087 3111 1165 3173 Quod
1184 3114 1212 3161 nt
1229 3114 1278 3169 stt,
1303 3113 1442 3175 legendnm
1459 3114 1634 3179 fatebantur,
1653 3114 1738 3176 ideae

437 3193 482 3245 7³.
494 3199 588 3243 secuto
599 3187 703 3255 serrato]
719 3191 809 3242 siieec
826 3188 905 3240 serbe
925 3189 989 3240 mibi
1007 3202 1050 3240 su·
1087 3190 1150 3241 mibi
1164 3202 1225 3241 reso
1236 3192 1347 3242 stmtitus
1359 3193 1472 3244 ridetur.
1508 3194 1560 3246 Pro
1579 3194 1738 3256 imperiecte

403 3279 494 3337 specis
521 3277 602 3331 eunt,
633 3274 696 3333 quie
723 3272 774 3321 iero
794 3269 885 3331 paucis
912 3268 1049 3320 versiculis
1088 3280 1210 3333 pressent
1239 3272 1376 3336 irrepsisse
1402 3275 1429 3323 in
1446 3274 1568 3326 Tecitum
1596 3286 1652 3325 non
1684 3287 1737 3325 uno

404 3359 464 3404 ente
483 3357 603 3403 reustum
620 3350 690 3402 Nero
709 3348 935 3400 socessedicitur.
973 3346 1049 3398 Side
1088 3349 1383 3401 taesstdtmussmm,
1421 3352 1505 3404 linito
1523 3358 1610 3419 spttos
1629 3360 1671 3405 est
1688 3351 1738 3405 ‹ir-

402 3433 454 3484 eiio
482 3436 614 3483 consentu
641 3435 746 3480 senetur
775 3430 817 3478 isis
842 3430 946 3492 egitur,
979 3426 1049 3489 quod
1088 3426 1202 3483 electos
1230 3432 1299 3483 iuter
1325 3430 1469 3494 perlectum
1494 3441 1521 3487 et
1546 3446 1685 3497 praesens.
1706 3461 1738 3472 -

403 3526 457 3565 non
484 3512 618 3571 ebnuem,
648 3514 735 3561 temen
761 3520 814 3560 nou
839 3505 965 3559 credibile
984 3508 1048 3557 mibi
1086 3505 1232 3574 moeroris]
1260 3514 1392 3563 electura
1412 3527 1532 3566 suerum.
1569 3514 1603 3564 ut
1624 3517 1738 3567 nestrae

403 3594 469 3645 bees
495 3592 574 3643 serbe
606 3604 663 3643 esee
690 3590 724 3641 eb
752 3588 871 3651 elepsnte
901 3589 1048 3647 scriptores
1087 3590 1166 3641 etiusl
1185 3591 1212 3639 tn
1230 3589 1428 3653 adulationem,
1454 3607 1489 3645 ne
1504 3593 1595 3646 ‹ioiere
1614 3593 1739 3647 tlsieree·

404 3674 496 3727 etitem
514 3670 658 3724 eddidieset
675 3670 771 3721 decom
796 3675 841 3719 eut
865 3664 938 3717 eliud
956 3664 1048 3729 quid.»
1088 3676 1142 3719 sur.
1162 3669 1232 3719 1321«,
1247 3694 1279 3707 ..
1298 3668 1458 3735 daurom]
1477 3672 1537 3725 nm,
1555 3682 1740 3726 mmm„

403 3754 476 3806 liert.
493 3754 622 3819 *eeuctor
640 3750 705 3802 bees
721 3748 840 3803 eddidit,
860 3752 890 3797 ut
912 3749 1051 3809 sequentis
1088 3748 1180 3801 lsetrcs
1200 3748 1333 3811 sensere.
1352 3750 1578 3813 Annecusbiele,
1597 3760 1674 3816 peter
1688 3756 1740 3805 be-

404 3837 546 3897 tunpsntur
571 3844 624 3883 uon
651 3842 710 3880 cum
729 3830 845 3892 pronitus
870 3824 1050 3878 eoteeedenti·
1088 3831 1147 3879 ceni
1167 3834 1276 3891 poctee.
1295 3838 1324 3881 et
1339 3831 1377 3882 bi.
1392 3834 1516 3884 ennecus
1533 3832 1671 3894 Nereius,
1693 3837 1740 3896 eni

400 3914 472 3974 bus,
500 3912 544 3963 ubi
572 3910 605 3963 de
631 3908 790 3973 Nymphidio
827 3907 973 3965 disseruit,
1003 3904 1050 3955 eeti
1088 3908 1740 3973 eGeliioneposieesdoptetusi..1unsms;.p.

405 4006 464 4046 cutu
481 3990 679 4053 superioribus,
707 3988 752 4039 ubi
773 3987 874 4039 discret
892 3992 1049 4037 senatume
1089 3988 1124 4040 iio
1143 3989 1228 4039 dictus
1256 3996 1305 4041 est.
1342 3989 1390 4042 iiie
1416 3996 1473 4055 ipse
1497 3992 1657 4053 settieilio.
1688 3996 1739 4058 nni

404 4073 510 4125 Nerone
527 4078 657 4123 temtum.
682 4068 788 4130 Recipit
807 4070 887 4130 igitur
905 4066 946 4117 bis
965 4066 1051 4117 serbis
1089 4068 1227 4132 proconsul
1260 4069 1377 4123 esbatae
1411 4071 1524 4123 Paulum
1548 4074 1740 4135 spostoiutne

405 4155 480 4205 iilum
508 4153 632 4203 cretionis
656 4150 810 4211 interposite
837 4147 987 4198 nerretionc
1011 4149 1051 4195 iu·
1088 4147 1193 4199 luderis
1221 4147 1255 4198 ed
1280 4162 1359 4200 suum
1386 4150 1502 4202 tribunal
1522 4153 1668 4205 edductnm
1689 4155 1740 4205 lsn·

400 4236 582 4295 sescuplum.»
601 4228 723 4281 Wsnsu.
745 4226 847 4277 ssimui
866 4225 924 4276 ideo
944 4226 1049 4287 repetit,
1089 4234 1197 4293 petente
1216 4228 1326 4281 Claudio
1344 4231 1460 4288 dimisit.
1487 4234 1557 4285 Acts.
1575 4235 1671 4297 spese.
1693 4234 1738 4295 18.

407 4327 442 4367 ne
461 4316 519 4376 quis
539 4315 709 4376 putetettsm
728 4308 760 4360 de
778 4310 902 4370 preemtts
920 4304 1049 4367 Petronii,
1088 4308 1131 4359 12.
1158 4307 1249 4359 beor.
1286 4308 1471 4368 uiues,18.
1503 4313 1682 4377 iiieronysntrs
1711 4318 1739 4365 ts

406 4395 531 4453 Nervae,
562 4390 681 4455 Tigellini
700 4391 727 4441 io
745 4394 838 4439 senetu
857 4394 945 4438 ectu·
965 4399 1049 4437 esse.»
1088 4387 1186 4439 Chron-
1212 4388 1246 4440 ed
1268 4401 1293 4439 e.
1315 4398 1375 4452 post
1392 4389 1454 4441 Cbr.
1472 4392 1517 4443 to.
1537 4406 1565 4455 p.
1581 4393 1643 4445 435.
1684 4394 1737 4445 tte.

407 4475 541 4525 noen-
562 4472 634 4521 oleos
651 4474 675 4521 et
693 4463 820 4531 insontes]
840 4466 937 4525 idest,
955 4468 1050 4517 setisrn
1088 4468 1225 4519 boccella
1256 4469 1348 4519 tmtus
1372 4472 1496 4522 Areum
1513 4472 1618 4533 Gellio,
1648 4468 1738 4533 [ruer

407 4557 525 4607 insontes
535 4566 561 4613 ,a
581 4547 701 4610 uti‚i=
720 4548 834 4612 duposti
844 4551 959 4597 senectus
970 4559 1051 4609 sepse
1087 4548 1215 4608 scaccos,
1245 4550 1363 4613 eprsptus
1388 4548 1550 4602 declamator
1569 4554 1687 4615 propria
1712 4568 1739 4606 se

409 4642 434 4688 et
451 4645 560 4696 corpore
577 4627 753 4695 [stipabatur.
790 4628 857 4677 biire
876 4627 902 4675 in
922 4626 972 4676 boc
990 4628 1052 4676 bec·
1087 4642 1169 4685 mons
1186 4628 1322 4691 interfecit.
1349 4624 1413 4693 (cir.
1427 4630 1544 4695 iipcitius
1563 4631 1637 4682 edb.
1651 4626 1686 4697 Ι.)
1705 4657 1737 4670 -

407 4720 518 4774 serunt,
537 4711 582 4764 eiii
601 4721 660 4760 cum
680 4706 759 4757 Corb.
779 4708 929 4757 omittentes
953 4709 987 4763 et.
1007 4704 1052 4755 ttt·
1087 4702 1239 4771 deterss'trss]
1258 4707 1450 4760 boristtonlbus
1471 4718 1575 4773 petrum
1593 4710 1737 4773 deterreri,

409 4780 512 4859 pontini
537 4801 613 4841 cerm
634 4793 658 4838 et
679 4788 793 4837 insontes
819 4788 997 4836 continentes.
1017 4808 1051 4820 -
1088 4789 1203 4839 retinere
1219 4800 1247 4838 se
1267 4800 1360 4851 pessus
1379 4796 1438 4850 cet,
1462 4801 1497 4841 ne
1514 4796 1566 4843 cet.
1585 4787 1682 4852 (deese
1697 4816 1711 4829 ·
1726 4820 1739 4831 ·

404 4868 543 4935 revictam]
563 4869 639 4920 certis
659 4866 814 4918 testimoniis
832 4866 994 4924 convictam,
1012 4878 1052 4914 er·
1089 4865 1228 4917 deterritus
1246 4872 1297 4925 est,
1315 4864 1358 4931 sss]
1377 4869 1529 4921 besemeter
1548 4870 1688 4933 beroleos.
1709 4880 1739 4925 ut

407 4956 519 5013 ιιιιιιιι,
544 4956 574 5001 ut
596 4946 632 5008 θ,
648 4946 675 4997 5.
718 4944 769 4995 biti
795 4945 927 5007 explicent
952 4954 1051 5006 repres-
1088 4949 1121 5005 ι,
1141 4947 1167 4999 ι.
1185 4943 1285 5010 Becu.)
1302 4972 1336 4982 -
1354 4944 1419 5012 cdd]
1439 4951 1588 5002 exerceam.
1607 4950 1702 5003 nen»,

403 5046 485 5089 eam,
516 5038 685 5093 oppressores
716 5032 743 5075 st
766 5038 828 5076 tero
855 5024 905 5075 boc
930 5022 1051 5073 omnibus
1123 5025 1168 5075 tt
1195 5029 1251 5075 tom
1269 5021 1357 5087 doro]
1384 5026 1418 5078 V.
1437 5028 1543 5081 decreto
1560 5033 1691 5085 intrusum
1709 5035 1736 5085 tn

407 5112 577 5166 meniiestum
602 5112 657 5165 eti.
684 5113 742 5157 ⁶⁰¹⁰
768 5102 883 5155 dubitari
911 5104 1049 5165 witelmi,
1088 5102 1161 5157 bled·
1181 5112 1267 5156 ortum
1294 5108 1401 5158 ridetur
1417 5120 1448 5160 es
1466 5108 1509 5162 bis
1526 5114 1643 5173 scripte,
1671 5112 1735 5165 deis

408 5198 499 5253 utrum
516 5202 545 5247 rs
562 5200 623 5246 tere
640 5184 701 5243 Piso
727 5194 788 5241 suus
805 5184 899 5242 ceteris
918 5183 1052 5243 csatorss-
1088 5186 1176 5255 priore
1194 5182 1252 5241 isco
1268 5198 1348 5256 prere
1366 5194 1482 5249 correcte
1499 5203 1525 5247 r.
1544 5188 1734 5255 dometur.
