3734 5917
319 493 381 560 388
553 488 557 498 ’
706 494 895 561 CORNELII
915 493 1049 561 vacivi
1070 495 1274 562 iuuabitiii

319 650 423 719 officia
443 651 477 718 in
498 650 632 718 ludibria
653 656 812 730 vertebat,
835 654 1018 739 intellegens
1040 653 1119 720 laisi.
1144 674 1247 741 nequo
1269 657 1352 720 euim
1368 675 1493 739 segnem
1509 655 1538 720 ei
1554 653 1650 720 inisse

318 765 455 832 indolem
476 764 602 843 ierunt,
636 767 703 832 sive
725 786 851 843 verum,
883 789 940 834 seu
962 767 1109 854 periculis
1131 767 1365 834 commendatus
1387 767 1514 834 retinuit
1535 766 1649 834 samam

317 880 385 944 sine
406 879 633 963 experimento.
678 877 739 964 (17)
762 878 817 945 sed
845 881 1014 968 Agrippina
1043 901 1107 969 quo
1137 881 1200 947 vim
1224 901 1312 947 suam
1333 880 1427 947 sociis
1449 901 1575 967 quoqne
1596 901 1652 946 na·

317 990 454 1058 tionibus
474 998 661 1068 ostentaret,
683 990 715 1056 in
738 990 885 1078 oppidum
907 992 1077 1072 Ubiorum,
1106 995 1139 1060 in
1161 1015 1224 1078 quo
1248 995 1351 1080 genita
1373 1003 1459 1071 erat,
1482 1003 1649 1061 veteranos

296 1105 535 1190 teoloniasuque
556 1106 667 1170 deduci
688 1107 852 1192 impetrat3
884 1105 934 1172 cni
956 1127 1071 1172 nomeu
1092 1105 1223 1173 inditum
1247 1127 1264 1172 e
1286 1105 1440 1172 vocabulo
1463 1106 1571 1190 ipsius.
1608 1127 1645 1171 ae

316 1217 399 1283 sorte
412 1219 569 1284 acciderat
587 1226 622 1283 ut
643 1238 711 1283 eam
734 1226 858 1303 gentem
883 1219 992 1285 iibeno
1013 1228 1237 1306 transgressam
1252 1240 1328 1286 avus
1346 1221 1485 1306 Agrippa
1503 1221 1536 1284 in
1554 1217 1647 1284 iidem

317 1329 483 1414 acciperet.

400 1446 504 1510 isdem
529 1446 724 1531 temporibus
749 1445 783 1510 iu
807 1445 970 1530 superiore
998 1447 1162 1512 Germania
1185 1446 1371 1532 trepidaturn
1399 1443 1533 1510 adventu
1559 1444 1649 1512 Chat·

316 1565 421 1622 torum
449 1556 611 1623 latrocinia
635 1559 828 1643 agitantium.
849 1557 924 1622 dein
950 1562 986 1622 L.
1004 1559 1195 1644 Pomponius
1219 1558 1339 1644 legatus
1373 1559 1540 1624 auxiliares
1567 1562 1648 1625 Van·

279 1671 427 1754 legiones
449 1691 486 1735 ac
507 1674 667 1747 Nemetas,
691 1669 797 1735 addito
825 1675 930 1757 equite
951 1672 1066 1748 alerio,
1091 1672 1264 1754 †monitos
1286 1681 1320 1737 ut
1342 1675 1497 1737 anteirent
1518 1671 1649 1758 popula·

315 1792 402 1862 toree
422 1786 472 1850 vei
495 1784 622 1871 dilapsis
656 1783 810 1870 inprovisi
832 1783 1167 1850 circumfunderentur.
1193 1793 1224 1850 et
1245 1794 1351 1850 secuta
1374 1785 1537 1850 consilium
1560 1785 1647 1849 ducis

317 1895 470 1962 industria
490 1896 641 1974 militum,
665 1895 819 1982 divisique
840 1897 873 1961 in
895 1899 958 1962 duo
980 1897 1122 1982 agmina,
1157 1899 1211 1985 qui
1233 1897 1355 1964 laevum
1376 1900 1439 1963 iter
1459 1900 1646 1983 petiverant,

315 2030 427 2076 recens
449 2031 595 2077 reversos
617 2013 794 2098 praedaque
816 2030 873 2094 per
893 2011 1002 2074 luxum
1018 2030 1092 2074 usos
1106 2019 1137 2075 ci
1151 2031 1263 2078 somno
1278 2031 1389 2096 graves
1404 2011 1647 2077 circumvenere.

316 2131 407 2190 aucta
418 2122 557 2201 laetitia,
579 2125 665 2210 quod
679 2121 830 2211 quosdam
845 2143 864 2187 e
878 2121 966 2188 clade
988 2121 1122 2189 Variana
1142 2124 1415 2210 quadragesimum
1437 2133 1509 2212 post
1530 2143 1647 2190 anuum

279 2259 307 2300 ss
317 2237 444 2304 servitio
467 2244 660 2302 exemerunt.
707 2234 766 2320 (28)
790 2242 822 2300 at
842 2235 897 2323 qui
918 2235 1037 2301 dextris
1059 2245 1091 2302 ot
1104 2235 1307 2320 propioribus
1323 2238 1517 2321 compendiis
1533 2238 1644 2312 ierant,

316 2351 412 2418 obvio
433 2353 514 2417 besti
536 2358 570 2415 et
589 2351 687 2415 aciem
709 2368 787 2414 anso
807 2348 877 2434 pius
898 2350 996 2413 cladis
1017 2347 1150 2426 iaciunt,
1183 2358 1214 2415 et
1234 2353 1353 2436 praeda
1374 2349 1519 2436 famaque
1541 2349 1647 2414 onusti

315 2467 356 2530 ad
377 2471 515 2529 montem
537 2467 678 2528 Taunum
700 2469 916 2538 revertuntur,
939 2458 995 2526 ubi
1016 2461 1208 2545 Pomponius
1223 2485 1294 2530 cum
1308 2462 1483 2548 legionibus
1499 2461 1646 2549 opperie-

384 2658 409 2708 1.
428 2653 582 2719 intellegens
599 2653 642 2706 ii:
660 2653 810 2716 susstiissns
827 2652 858 2703 ii.
880 2675 911 2692 ··
929 2653 957 2702 2.
977 2653 1064 2704 liabet
1079 2665 1125 2702 sess
1139 2666 1197 2716 per.
1217 2654 1262 2712 ii,
1281 2667 1333 2706 nou
1351 2652 1644 2717 sterneremus.

314 2749 349 2766 ...
366 2723 394 2778 d.
412 2723 458 2776 obi
475 2725 564 2775 iorum
582 2727 620 2775 bi.
641 2748 670 2762 -
690 2725 717 2774 5.
738 2724 854 2774 Habete
872 2723 915 2784 ti,
936 2737 988 2774 uon
1008 2726 1117 2781 omittit,
1138 2732 1167 2774 ut
1184 2727 1221 2774 ait
1239 2724 1381 2776 Victorius.
1396 2750 1428 2759 —
1441 2725 1467 2776 d.
1481 2730 1647 2789 transgresso

314 2795 352 2852 ti.
374 2817 405 2835 -·
423 2798 449 2848 8.
469 2797 578 2846 aduectas
596 2795 634 2845 ii.
655 2819 686 2830 -
706 2796 852 2844 enttborum
870 2793 906 2843 ii.
928 2818 961 2829 -
981 2793 1007 2844 9.
1028 2796 1087 2844 deiss
1105 2795 1148 2844 bi:
1168 2795 1259 2845 deinde
1277 2795 1307 2844 ii.
1331 2821 1363 2831 -
1382 2793 1412 2842 i.
1431 2795 1475 2848 bi:
1496 2795 1590 2845 Lucius
1613 2795 1644 2843 li.

317 2889 345 2906 -
369 2868 456 2918 iisbei
473 2869 624 2932 dangiones
640 2863 678 2916 ii.
709 2890 738 2904 -
766 2867 807 2915 ic.
828 2865 910 2913 eloris
928 2865 966 2916 bi.
996 2886 1028 2900 -
1055 2867 1167 2914 monitos
1185 2865 1230 2915 bi:
1255 2865 1360 2914 monuit
1377 2873 1484 2917 auctore
1502 2865 1645 2916 Puteolano

315 2936 348 2989 11.
368 2939 420 2990 Sed
441 2940 479 2988 sie
505 2950 610 3002 quoque
640 2936 713 2988 loeus
730 2941 819 2987 snauei
838 2942 985 2996 corruptus.
1007 2931 1148 2996 (immittit,
1176 2936 1290 2986 monitos
1309 2935 1487 2986 Doederisiuii
1507 2931 1646 2998 suspicio.)

315 3031 349 3044 ·-
369 3011 412 3061 ii.
434 3008 521 3059 iisbet
538 3008 647 3070 dilapsis
663 3007 708 3064 ii.
734 3017 788 3056 non
806 3006 855 3055 dei.
877 3030 906 3043 -
927 3009 984 3067 inp.
1003 3005 1047 3054 iis
1077 3007 1141 3068 imp.
1161 3005 1192 3056 B.
1224 3029 1250 3040 -
1274 3005 1317 3056 ii.
1338 3008 1569 3072 qudragensisuuns
1588 3004 1645 3072 (sic)

314 3077 354 3133 Ι.
373 3103 405 3118 ·-
423 3093 505 3130 essum
521 3077 558 3130 Ι.
578 3103 611 3118 -·
628 3077 671 3129 17.
691 3077 779 3128 iiabet
797 3077 921 3126 Taunum
938 3077 980 3135 ii,
1000 3089 1051 3127 uon
1074 3076 1191 3125 Taurum
1209 3075 1297 3128 Gueii.

314 3243 444 3306 busseriis
466 3255 498 3294 ac
521 3241 727 3294 iioederieinior
749 3237 899 3304 sssnebet]
917 3240 961 3290 iu·
1000 3239 1080 3292 debat
1098 3241 1186 3301 inepta
1206 3239 1319 3291 nibeis.»
1358 3239 1427 3292 aseri
1447 3253 1534 3304 nsque
1554 3240 1645 3306 igue·

313 3327 448 3378 transitive
467 3325 588 3383 dietum,
608 3330 638 3372 nt
654 3323 688 3381 d,
707 3322 758 3373 dds
782 3335 814 3372 oe
831 3321 961 3371 memoris
1000 3322 1061 3383 pina
1080 3321 1168 3381 inepte
1190 3331 1266 3379 suere
1287 3328 1459 3373 consueverat
1477 3333 1527 3372 nee
1545 3320 1646 3372 britan·

312 3406 444 3473 Augusti,
473 3403 777 3454 commendassem
798 3401 960 3452 inindtbria
999 3399 1117 3450 nicusad
1129 3399 1267 3452 ridendum
1279 3413 1375 3463 pronus
1388 3407 1471 3452 erat.»
1491 3397 1579 3452 noni.
1596 3402 1646 3451 Per

314 3491 339 3540 a
363 3484 531 3537 emmelim
556 3487 695 3535 emerent.
726 3479 812 3544 (Adde
838 3481 871 3531 sd
890 3482 961 3532 bunc
1000 3480 1129 3538 sideiees,
1142 3481 1275 3543 quomodo
1286 3483 1428 3543 irrepserit,
1441 3483 1482 3534 vir
1492 3481 1644 3544 erpiiesbis.

313 3579 340 3620 ι.
358 3558 770 3625 uetuensnmb,2o.4,3i.)
788 3561 855 3612 iiam
868 3561 960 3624 Agrip·
999 3559 1072 3612 Taita
1091 3573 1152 3612 vero
1171 3575 1211 3613 vv.
1233 3565 1393 3624 composita,
1423 3567 1453 3612 ut
1475 3563 1646 3625 perintempe-

313 3649 394 3710 pias,
413 3659 466 3709 uno
479 3643 643 3695 ambitiosius
661 3642 826 3693 novercalem
843 3644 959 3691 animum
997 3642 1095 3698 sttusss,
1115 3638 1190 3691 nobis
1209 3641 1305 3704 tingere
1319 3641 1389 3691 baud
1402 3641 1481 3700 liceis
1502 3648 1543 3701 et,
1563 3647 1590 3691 ut
1605 3639 1645 3692 vei

314 3725 489 3778 dissimutsret
511 3736 543 3775 se
564 3722 641 3774 simui
665 3721 758 3774 esdeuv
776 3721 865 3783 speeie
883 3722 961 3770 mint·
999 3723 1109 3773 merisne
1127 3720 1177 3771 boc
1190 3720 1311 3772 basinum
1329 3728 1415 3779 esset,
1435 3728 1522 3774 taruen
1541 3721 1584 3771 bie
1597 3724 1645 3770 irn-

313 3813 381 3859 stses
399 3806 543 3857 iirttsnntei
561 3809 712 3864 amoveret,
736 3814 768 3854 es
786 3803 903 3866 privigno
921 3799 960 3850 oi·
1001 3807 1184 3863 portuuumac
1196 3801 1306 3851 nimium
1320 3801 1462 3854 videretur.
1479 3823 1507 3836 —
1531 3795 1644 3864 segnem]

312 3889 372 3940 iieis
399 3885 573 3945 obtrudebst,
593 3895 661 3948 uuae
689 3881 804 3945 puerulis
833 3883 959 3943 praestari
998 3879 1101 3932 bebetis
1119 3892 1149 3930 se
1168 3879 1234 3930 tardi
1253 3882 1362 3944 ingenii.
1382 3906 1416 3916 -
1441 3877 1563 3944 retinuit]
1584 3879 1644 3931 inde

311 3969 416 4030 soient,
441 3979 494 4018 uon
512 3962 722 4017 adolescentibus
746 3969 777 4013 ut
794 3961 957 4014 Britannico.
998 3971 1078 4012 ssua
1097 3965 1182 4011 aetate
1201 3973 1285 4024 usque
1303 3961 1336 4011 ad
1355 3967 1474 4024 tempus,
1498 3973 1550 4025 uuo
1569 3960 1645 4011 Taci-

315 4049 346 4102 id
360 4049 495 4112 indignum
508 4045 585 4096 simui
598 4049 624 4095 et
635 4043 792 4100 ridiculum,
810 4055 871 4093 eum
885 4054 960 4105 prae·
999 4047 1041 4090 tus
1060 4041 1167 4104 scripsit
1185 4041 1256 4091 bunc
1273 4042 1413 4092 bnuaiium
1433 4041 1545 4101 iibrurn,
1573 4040 1644 4102 apud

312 4135 404 4182 ssrtun
434 4126 548 4179 eundern
580 4130 699 4187 cogeret,
736 4128 766 4173 ut
793 4122 958 4174 mauiiestam
998 4127 1125 4183 posteros.
1146 4121 1235 4174 Buca.
1256 4145 1284 4157 -
1305 4124 1360 4172 sisse
1379 4117 1644 4186 superinundante

312 4208 432 4261 isandesn
458 4213 486 4258 et
511 4203 619 4256 insidias
645 4215 692 4266 pro
716 4204 824 4254 earinis
841 4211 958 4254 materna
999 4205 1024 4252 in
1043 4200 1087 4251 iiia
1102 4199 1221 4274 φυλακῇ
1239 4196 1356 4269 ἀδέσμῳ
1374 4202 1488 4254 tudoiem
1506 4215 1581 4254 suam
1600 4200 1645 4253 de·

313 4292 433 4352 accipere
445 4286 589 4340 videretur.
613 4283 654 4333 ita
673 4281 787 4333 ludibrio
806 4283 959 4347 iuisigsip-
998 4287 1142 4332 monstrare
1162 4292 1216 4330 nou
1236 4287 1348 4343 poterat.

314 4372 393 4434 pinse
417 4373 445 4419 et
469 4366 599 4425 consciis,
635 4370 665 4415 ut
692 4368 826 4415 catenatus
854 4363 958 4414 vincula
1031 4361 1074 4412 27.
1093 4365 1231 4411 ueteranos
1248 4357 1437 4425 coloniamque]
1457 4361 1556 4422 idest,
1576 4360 1644 4414 colo·

312 4451 447 4503 mordens.
483 4444 615 4497 Pinraism
641 4443 760 4493 indibria
783 4450 888 4506 praeter
908 4442 959 4494 'ia-
997 4445 1067 4492 niam
1086 4448 1288 4500 veteranorum,
1307 4437 1344 4493 ἓν
1359 4440 1408 4492 διὰ
1425 4441 1518 4494 dvors-
1537 4463 1569 4480 -·
1596 4455 1643 4492 no·

313 4533 394 4582 eitum
412 4528 447 4591 d,
466 4527 511 4578 td.
543 4523 762 4587 praetuiitettam
782 4523 904 4575 (isitii.
924 4524 956 4572 Α.
996 4520 1641 4586 mess]catoniscisudisigrippineusiurn(drus.

312 4613 364 4670 15,
392 4609 428 4659 bs
463 4606 521 4657 eisss'
544 4603 650 4654 libidine
674 4615 755 4665 mque
780 4604 816 4652 od
842 4603 958 4653 ludibrio
998 4615 1025 4664 p.
1042 4599 1118 4664 teti.)
1136 4616 1159 4653 s.
1179 4601 1396 4665 Agrippinensis,
1417 4615 1438 4653 s.
1454 4602 1596 4666 agrippina
1615 4605 1642 4652 in

313 4691 458 4742 ebriosas.»
472 4683 738 4750 (Pinseiissigniiicat.
752 4683 824 4732 ilium
835 4683 957 4747 irequen·
997 4682 1134 4732 itinerario
1147 4681 1282 4732 Antonini.
1299 4707 1327 4719 -·
1348 4695 1412 4732 nous
1426 4681 1555 4747 Agrippa]
1570 4681 1642 4744 quod

313 4777 354 4822 ier
386 4781 416 4821 ae
448 4779 530 4831 prope
557 4764 675 4829 ceoddis
709 4762 824 4814 ludibrio
854 4761 957 4826 tuisse.)
997 4761 1092 4812 iscium
1111 4762 1189 4812 credo
1203 4761 1239 4812 bi.
1253 4763 1367 4825 Agrippa
1387 4769 1412 4812 st
1431 4762 1461 4812 i..
1483 4761 1555 4814 Gaiio
1575 4774 1640 4812 coss.

314 4836 955 4910 sititesliitterpertniesupsstio‘escribens.nii,
996 4856 1020 4892 a.
1041 4853 1068 4891 u.
1088 4841 1151 4892 717.
1172 4853 1202 4893 er
1221 4841 1305 4892 bione
1323 4843 1374 4903 is,
1393 4841 1437 4893 tii.
1457 4840 1532 4892 burs.
1556 4842 1642 4893 been·

313 4923 957 4992 tbsperidoneoneodemopiuorsensuunolir·
997 4925 1076 4972 ratius
1096 4921 1230 4984 znmptius
1248 4921 1345 4972 inunt.
1367 4935 1393 4984 p.
1414 4923 1473 4972 icti.
1499 4923 1525 4972 id
1544 4921 1641 4974 iactum

312 5005 491 5069 nesttusleom
503 5003 754 5069 Spiniperdeieuss
771 5003 958 5056 eiiovereavo·
996 5006 1108 5068 assignat
1122 5015 1146 5053 e.
1161 5016 1188 5054 ιι.
1202 5002 1264 5052 715.
1285 5001 1406 5054 Wsitbes·
1423 5006 1545 5067 cogitavit
1562 5009 1640 5054 etiarn

312 5082 955 5147 iebatomctosavideri,sedidtaeiebatinepte;
996 5083 1029 5133 de
1047 5095 1072 5133 a.
1091 5082 1153 5133 755.
1181 5082 1314 5145 appellans
1341 5083 1451 5134 itionem
1475 5083 1524 5144 5t,
1544 5084 1587 5134 ii.
1608 5105 1639 5120 -

313 5171 402 5236 iisque
421 5165 589 5219 britannicus
607 5164 756 5228 iuteiiigens
774 5163 895 5216 trsudem
922 5165 957 5216 si·
995 5165 1024 5216 in
1034 5159 1122 5230 ideo]
1141 5165 1168 5213 in
1187 5162 1348 5214 deditionem
1366 5166 1504 5226 reciperet.
1520 5185 1550 5202 -·
1568 5159 1638 5228 dstss]
