3734 5917
601 526 719 589 nmen
738 522 795 587 ιιι.
840 524 913 610 cap.
934 522 985 589 ιι.
1009 522 1062 589 ιι.
1085 524 1138 589 co.
1482 522 1541 591 ιιι

212 680 297 747 mbis
319 680 413 758 deos,
443 680 660 767 ingrederetur
686 689 846 759 senatum,
877 684 1027 769 auspicia.
1043 682 1151 749 saltem
1181 683 1296 769 gentile
1326 687 1409 771 apud
1442 686 1543 751 solum

210 795 375 882 inciperet.
419 792 537 862 bellurn
559 795 692 870 scilicet,
714 802 769 861 aut
789 798 914 862 diverso
935 805 1089 863 terrarum
1111 797 1269 875 distineri,
1293 796 1385 865 litora
1407 805 1439 863 et
1458 799 1544 863 lacus

212 911 398 994 Campaniae
419 930 492 975 cum
513 910 651 975 maxime
671 917 903 995 peragrantem.
953 910 999 975 sic
1022 909 1121 977 imbui
1148 918 1304 978 rectorem
1333 910 1460 996 generis
1487 915 1545 975 bu-

211 1026 311 1102 mani,
333 1024 367 1087 id
387 1023 524 1108 primum
546 1043 565 1087 e
585 1024 722 1107 paternis
744 1022 881 1089 consiliis
902 1023 1033 1093 discere.
1081 1046 1156 1091 sane
1177 1033 1360 1109 gravaretur
1382 1032 1543 1108 aspectum

211 1134 326 1199 cisium
348 1154 444 1201 senex
465 1135 647 1221 imperator,
670 1124 847 1223 fessamque
869 1144 1005 1202 aetatem
1019 1144 1051 1203 et
1064 1146 1152 1204 actos
1166 1136 1290 1204 labores
1304 1140 1543 1225 praetenderett
1569 1164 1582 1205 s

210 1249 313 1313 Druso
335 1249 421 1334 quod
442 1249 503 1313 uisi
524 1268 565 1313 ex
586 1246 768 1333 adrogantia
788 1248 1070 1332 impedimentum?

297 1359 359 1443 (60)
383 1363 445 1426 Sed
467 1360 610 1427 Tiberius
631 1363 696 1426 sim
717 1360 912 1445 principatus
933 1362 991 1429 sibi
1012 1361 1150 1441 firmans,
1172 1365 1340 1449 imaginem
1357 1363 1546 1451 antiquitatis

211 1476 332 1540 senatui
353 1476 541 1557 praebebat,
562 1472 718 1560 postulata
750 1474 985 1558 provinciarum
1018 1478 1058 1541 ad
1073 1476 1322 1565 disquisitionem
1336 1489 1459 1560 patrum
1476 1478 1546 1543 mit-

210 1588 315 1655 tendo.
360 1585 580 1653 crebrescebat
610 1586 694 1652 enim
727 1591 861 1654 Graecas
892 1609 952 1672 per
984 1586 1079 1654 urbes
1104 1589 1229 1655 licentia
1256 1599 1351 1677 atque
1380 1590 1546 1678 impunitas

210 1698 296 1784 asyla
317 1701 491 1778 statuendi;
515 1698 742 1786 conplebantur
763 1704 880 1784 templa
907 1700 1052 1787 pessimis
1079 1704 1301 1782 servitiorum
1334 1704 1445 1769 eodem
1473 1708 1584 1774 sub-n

211 1811 291 1877 sidio
313 1812 454 1877 obaerati
482 1817 649 1879 adversum
671 1811 843 1879 creditores
871 1814 1070 1900 suspectique
1099 1817 1277 1899 capitalium
1305 1821 1467 1883 criminum
1495 1838 1548 1883 re·

212 1927 428 2008 ceptabantur.
472 1946 532 1990 nec
551 1926 649 1991 ndum
676 1930 750 1991 satis
771 1925 908 1993 validum
937 1927 1106 2013 imperium
1129 1937 1195 1993 erat
1216 1932 1398 1995 coercendis
1420 1930 1548 1995 seditio·

210 2036 303 2104 nibus
326 2038 451 2125 populi,
475 2038 593 2122 flagitia
613 2041 775 2106 bominum
800 2047 835 2105 nt
862 2038 1069 2106 caerimonias
1091 2043 1184 2107 deum
1207 2044 1410 2128 protegentis.
1451 2041 1548 2127 igitur

210 2150 359 2237 placitum
380 2160 414 2217 ut
441 2150 601 2218 mitterent
629 2151 769 2218 civitates
799 2155 870 2219 iura
902 2160 997 2237 atquc
1029 2153 1159 2238 legatos.
1204 2162 1236 2220 et
1264 2158 1431 2239 quaedam,
1461 2157 1546 2241 quod

211 2263 292 2330 falso
315 2273 554 2349 usurpaverant,
576 2273 687 2349 sponte
716 2265 869 2343 omisere;
899 2266 1016 2332 multae
1043 2265 1172 2333 vetustis
1199 2266 1472 2353 superstitionibus
1494 2275 1547 2334 aut
1557 2294 1583 2336 ιι
1641 2352 1646 2365 ι

210 2379 332 2445 meritis
352 2379 385 2441 in
407 2377 560 2462 populum
580 2381 753 2444 Romanum
775 2376 922 2444 lidebant.
967 2398 1140 2465 magnaque
1163 2382 1230 2445 eius
1251 2379 1315 2445 diei
1336 2380 1457 2464 species
1477 2378 1546 2455 tuit,

211 2512 274 2577 quo
295 2497 421 2555 senatus
442 2492 597 2555 maiorum
619 2489 787 2566 beneficia,
815 2492 974 2557 sudorum
1002 2500 1111 2578 pacta,
1140 2514 1252 2577 regum
1278 2492 1371 2558 etiam
1400 2494 1546 2579 quiante

210 2603 274 2669 rim
294 2606 467 2669 Romanam
489 2603 651 2669 valuerant
672 2608 814 2681 decreta,
841 2606 1047 2689 ipsorumque
1074 2608 1235 2673 numinum
1257 2604 1427 2689 religiones
1449 2606 1546 2673 intro-

279 2796 306 2845 2.
326 2791 437 2859 betium]
457 2794 522 2845 ictio
538 2795 657 2856 Lipsius,
676 2794 744 2845 delio
761 2809 819 2845 eum
836 2794 961 2847 Picbena.
981 2822 1014 2833 —
1032 2797 1115 2848 ittera
1131 2796 1176 2847 bi:
1195 2798 1291 2851 iterare
1307 2797 1339 2847 B.
1360 2822 1392 2835 ·-
1411 2796 1438 2848 3.
1458 2797 1545 2849 iiabet

210 2865 591 2989 ffmffiapoqquqqalqipet
607 2866 728 2917 liberant
747 2870 811 2917 tuna.
830 2892 859 2904 -
883 2868 927 2917 10.
948 2868 1034 2931 roupi.
1052 2868 1096 2921 aa:
1116 2867 1210 2931 compi.
1230 2867 1262 2919 Β.
1282 2893 1310 2907 -
1326 2868 1369 2920 13.
1381 2874 1545 2934 protegentes

210 3123 285 3183 aigne
303 3132 418 3171 marmor
430 3118 617 3172 Gruterianum
635 3119 703 3179 228,
716 3119 763 3179 8.,
782 3121 858 3171 cuius
891 3119 1040 3183 profectura
1061 3120 1092 3169 in
1115 3127 1224 3171 aeterno
1247 3132 1280 3171 eo
1303 3121 1358 3172 soie
1376 3134 1447 3172 econ
1465 3126 1545 3188 etque

210 3207 342 3263 putre-a
367 3199 447 3251 uerba
472 3207 551 3251 aunt:
587 3200 629 3248 i’i.
657 3200 747 3251 iiii's.
772 3200 859 3252 11111-
894 3199 1001 3262 imepro
1026 3200 1161 3262 couctpere
1189 3212 1275 3263 posu.
1313 3199 1366 3250 Gir.
1386 3200 1418 3262 i,
1438 3201 1481 3255 36.
1513 3228 1540 3242 -

210 3280 298 3331 iias.
328 3279 422 3343 Qi'u.
448 3280 529 3331 iiic.
560 3280 604 3329 Ti.
634 3277 726 3329 caiis.
753 3279 857 3330 PONT.
892 3279 990 3343 gentile
1001 3279 1076 3343 opud
1087 3275 1181 3341 sciam]
1201 3282 1227 3329 in
1240 3280 1414 3342 patriosala,
1428 3282 1538 3334 Romae.

208 3359 295 3411 ΜΔΧ.
327 3358 558 3412 rabidissime.
593 3357 755 3411 casaris.
781 3358 857 3410 EST.
894 3378 929 3395 -·
945 3358 1039 3409 bellum
1056 3356 1168 3423 scateat]
1200 3372 1261 3409 eum
1286 3363 1397 3412 maxime
1420 3364 1486 3423 geri.
1511 3388 1544 3399 -

209 3441 279 3492 Fasti
298 3440 385 3492 Verrii
409 3442 482 3503 ipsos
506 3442 585 3491 etiam
604 3439 725 3491 consules
743 3439 858 3491 brucum
894 3436 998 3489 dicem
1016 3436 1157 3503 terronam]
1176 3440 1283 3502 regiona
1302 3440 1391 3502 aliqua
1409 3446 1519 3492 remota.

210 3527 237 3571 et
248 3520 418 3582 Norbanum,
437 3523 484 3585 qni
496 3520 640 3574 inamata.
653 3519 728 3581 ios,
747 3519 857 3570 addunt.
928 3517 972 3569 oo.
991 3515 1145 3582 imaginem]
1164 3520 1332 3569 simulacrum
1351 3520 1458 3583 aliquod
1477 3522 1544 3571 anti·

209 3598 316 3665 lagani
336 3613 363 3664 p.
376 3600 422 3651 28.
441 3600 539 3652 Balbai
556 3600 590 3650 ir.
603 3600 636 3651 ii.
651 3598 697 3650 vi.
713 3612 740 3660 p.
754 3598 857 3649 1111.-
894 3600 940 3659 qui
967 3601 1066 3657 moria:
1098 3598 1170 3662 quod
1195 3598 1303 3661 quidem
1321 3612 1417 3652 arcana
1437 3602 1543 3663 imperii

209 3675 328 3743 actim]
348 3692 396 3742 pro
415 3683 582 3744 cognitione,
602 3678 677 3736 uid,
690 3678 734 3727 ia.
754 3678 800 3736 111,
811 3677 857 3727 titi.
894 3681 1003 3731 minime
1029 3678 1174 3743 attingebat
1200 3689 1233 3729 ac
1257 3680 1314 3731 siue
1341 3680 1396 3732 ulio
1422 3682 1542 3743 periculo

209 3758 265 3811 tlte.
291 3760 325 3811 ad
342 3760 398 3812 Αιι.
423 3763 472 3823 11,
500 3762 553 3812 so:
582 3760 719 3809 aotiomna
742 3757 856 3824 dipem.
893 3761 998 3809 senatui
1023 3758 1143 3818 praeberi
1171 3762 1283 3819 poterat.
1317 3782 1347 3796 -
1378 3760 1472 3825 omia]
1501 3761 1541 3811 rid

208 3840 364 3893 Pseudceie.
383 3854 432 3905 pro
448 3842 536 3893 iiomo
553 3841 603 3892 1³:
623 3851 692 3902 quae
708 3840 794 3889 omnis
810 3851 858 3888 no·
894 3842 977 3889 totum
1002 3838 1029 3889 1ι.
1050 3838 1068 3887 Ι.
1094 3837 1127 3889 de
1151 3837 1228 3901 asyiis
1254 3850 1402 3903 eorumque
1430 3843 1488 3892 iure
1514 3844 1541 3892 in

208 3922 247 3970 tto
262 3921 417 3988 pontificare
434 3933 487 3973 erae
503 3920 601 3973 debuit.
642 3918 695 3981 Qui
714 3918 792 3969 buius
810 3931 857 3969 no·
893 3917 1002 3970 Graecis
1011 3914 1161 3969 ciuitatibus
1171 3930 1223 3968 non
1237 3918 1386 3979 poenitabit
1398 3921 1541 3971 contulisse

210 4004 290 4052 rionis
309 4001 389 4053 inerit
406 4003 506 4061 exitus,
525 4000 586 4052 ride
604 3998 634 4050 c.
653 3999 698 4051 71.
725 4022 759 4034 -
786 3999 857 4047 tneo
895 3997 1085 4058 spanhemium
1105 3996 1139 4046 de
1156 4007 1208 4045 ιιιιι
1224 4003 1251 4047 et
1264 4005 1360 4058 praest.
1375 4012 1449 4049 num.
1470 4000 1540 4051 ilias.

211 4078 483 4143 tentiumsattentiue]
502 4080 541 4131 ii.
556 4079 655 4138 Silani,
677 4082 723 4142 qui
735 4078 857 4129 iurastis
892 4077 928 4135 a,
946 4077 974 4128 5.
1003 4076 1073 4125 Ean.
1116 4075 1192 4127 Adde
1223 4076 1321 4127 iicirbai
1339 4078 1373 4129 1).
1392 4078 1425 4130 ii.
1445 4080 1492 4131 iv.
1513 4093 1540 4143 p.

211 4162 360 4223 ceterisque
378 4162 557 4211 monumentis
575 4156 727 4209 consulibua
753 4169 854 4215 eorum,
892 4157 954 4208 3116.
974 4180 1006 4193 -·
1034 4155 1224 4219 conplebantur·
1241 4155 1347 4220 anapia}
1366 4158 1462 4209 Tribus
1480 4172 1541 4223 ergo

212 4244 259 4303 qut
277 4240 442 4292 tribuniciam
463 4237 857 4301 potestatamgererant,nomt·
892 4237 1034 4305 generibus
1060 4238 1196 4289 bominum
1224 4236 1374 4301 periugium
1399 4244 1425 4289 tn
1452 4240 1540 4304 asylis,

210 4334 245 4372 na
263 4319 447 4371 substituenda
468 4322 615 4369 censuerat·
631 4339 660 4351 -
681 4317 730 4366 buo
747 4315 857 4365 decidii·
891 4323 989 4381 servia,
1003 4317 1151 4378 obaeratis,
1165 4317 1300 4368 maieiieia.
1330 4317 1462 4371 i’iutarcb.
1476 4320 1542 4393 rapt

209 4396 246 4463 ee]
265 4400 310 4451 Sic
328 4400 402 4452 Suet.
422 4398 516 4451 Claud.
535 4397 570 4448 0:
596 4395 634 4446 ad
654 4408 700 4445 eea
721 4397 762 4445 rei
779 4395 856 4460 soant
890 4398 991 4451 dscccd.
1020 4411 1047 4462 p.
1074 4396 1143 4448 idda
1182 4390 1247 4448 ἔστι
1274 4394 1368 4465 δούλῳ
1396 4394 1542 4464 φεύξιμος

210 4480 287 4529 iteris
313 4480 452 4545 angutiae
478 4477 586 4529 decidit.
633 4476 681 4525 ilat
705 4478 749 4524 ein
781 4476 855 4537 petua
890 4475 1011 4545 βωμός,
1031 4472 1096 4529 ἔστι
1107 4476 1157 4527 καὶ
1169 4474 1289 4547 λῃσταῖς
1300 4471 1434 4543 ἀβέβηλα
1447 4476 1541 4530 πολλὰ

209 4561 333 4610 mutari.»
360 4583 393 4595 -
423 4552 559 4618 amicto]
579 4556 636 4606 i.ir.
655 4556 706 4614 2‘2,
725 4554 854 4607 1.,1011.
891 4557 950 4608 τῶν
963 4557 1058 4629 ἱερῶν.
1076 4556 1127 4607 sat
1140 4554 1298 4620 πολεμιους
1311 4555 1488 4623 φεύγοντες,
1503 4552 1542 4609 cia·

209 4640 355 4699 Flaminio,
375 4640 495 4702 quiante
508 4638 603 4687 initura
616 4634 780 4685 consulatum
797 4646 857 4693 pro·
890 4632 1062 4703 ἀγάλμαιος
1074 4633 1225 4697 λάβωνται
1239 4627 1349 4699 dcccii
1357 4671 1365 4697 ,
1379 4630 1538 4709 bogip‘oaioc.

209 4720 295 4773 iectus
320 4720 353 4772 ab
379 4717 469 4770 Urbes
503 4714 581 4778 Quod
605 4716 674 4767 eatae
693 4712 735 4763 aa
757 4712 858 4763 turtum
893 4716 934 4764 id.
959 4714 992 4767 da
1015 4719 1061 4768 rit.
1086 4728 1141 4767 aer.
1159 4712 1194 4763 ai.
1216 4723 1243 4774 p.
1261 4710 1329 4763 828:
1362 4708 1382 4779 ἡ
1407 4716 1463 4779 μιν
1482 4712 1540 4787 γὰρ

208 4802 364 4863 iwanum,
382 4797 610 4864 qrwdeeerpietuaa
622 4794 695 4845 esset
711 4793 856 4857 linqtetra·
884 4787 1015 4866 ’Ἄρτεμις
1042 4788 1062 4861 ἦ
1088 4793 1120 4845 iu
1138 4788 1252 4859 Ἐφέσῳ
1276 4794 1338 4853 τοῖς
1363 4791 1538 4865 χριόσιαις,

209 4888 254 4930 tara
270 4880 301 4929 id
318 4893 336 4929 o
351 4880 447 4936 doaso,
463 4875 577 4940 potitus
592 4874 756 4938 malisque
774 4873 856 4923 Pena·
892 4869 966 4924 ὅταν
983 4870 1195 4937 καταφύγωσιν
1217 4871 1259 4932 aig
1278 4866 1313 4921 τὸ
1330 4868 1410 4940 ἱερὸν
1429 4867 1538 4939 adsue,

210 4958 299 5013 tibur,
338 4956 441 5008 Latous
470 4957 544 5021 {esa
570 4955 638 5005 actia
664 4952 802 5017 sarificiis
826 4954 857 5002 tu
891 4948 1018 5005 ἀσυλίαν
1029 4954 1148 5017 παρέχει
1164 4948 1214 4999 scut
1228 4942 1331 4999 ἄδειαν
1348 4948 1406 5002 ἀπο·
1420 4951 1479 5003 τῶν
1490 4950 1540 5003 da-

208 5045 297 5091 arcata
313 5032 436 5101 (Albano)
451 5034 583 5099 pertute,
603 5034 673 5083 ociis
688 5034 740 5081 rite
758 5032 788 5080 in
805 5031 856 5081 ca·
891 5031 1082 5083 octoubres.
1113 5050 1144 5065 -·
1175 5024 1255 5090 tore]
1276 5027 1395 5091 tabulae,
1427 5032 1537 5087 litterae,

206 5118 304 5181 pirate
320 5117 497 5178 mpura,
521 5126 607 5164 seeum
622 5114 715 5178 {emer
739 5123 786 5160 nee
799 5112 856 5171 prt-
892 5117 1082 5171 monumenta,
1108 5108 1206 5172 quibus
1229 5110 1287 5160 iura
1307 5109 1469 5173 niterentur,
1497 5116 1538 5163 ia·

208 5203 300 5251 υοιιιιι
324 5196 446 5259 walaia
460 5194 551 5260 agas,
580 5206 626 5246 neo
650 5193 707 5245 atae
729 5192 856 5255 semota
890 5192 1029 5256 epidauria
1054 5191 1175 5252 remini,
1205 5192 1236 5241 ut
1262 5188 1410 5255 iudicaret,
1448 5196 1537 5246 ιιιιιιιι
