3734 5917
620 474 817 542 11111111.
863 473 938 560 cap.
961 471 1015 538 ss.
1039 472 1163 537 1111.
1502 473 1562 541 rer

223 635 306 702 illins
333 637 459 710 1111111,
492 637 692 708 memorabo,
726 633 754 700 ei
783 631 903 700 elleotis
932 633 968 698 in
993 653 1074 718 quae
1103 628 1235 706 tetendi,
1268 629 1376 715 plores
1408 629 1449 698 ad
1470 651 1562 698 ouras

161 789 170 812 .
223 749 318 818 ritem
349 749 544 833 produxero.
567 752 605 815 ll.
630 747 754 816 Silanus
785 746 818 814 in
844 745 932 831 nepti
961 745 1094 832 Augusti
1116 743 1253 820 adulter,
1291 765 1478 832 quamquam
1498 765 1562 812 non

223 857 305 930 ultra
324 861 408 928 iores
428 864 581 928 saeuitum
594 875 696 949 ‘qnam
717 869 753 928 ut
772 859 908 928 amicitia
925 859 1067 926 Caesaris
1081 857 1318 943 prohiberetur,
1341 857 1487 926 exsilium
1500 858 1562 925 eibi

223 975 430 1044 demonstrari
461 975 635 1054 intellexit,
674 995 734 1042 neo
761 977 822 1042 nisi
851 975 981 1040 Tiberio
1009 973 1209 1058 imperitante
1236 974 1398 1059 deprecari
1418 981 1561 1040 senatum

223 1111 260 1156 aa
279 1091 453 1178 prinoipem
474 1111 569 1157 ausus
591 1097 639 1156 est
659 1094 700 1156 it.
724 1088 821 1155 Silani
842 1087 948 1154 fratris
969 1085 1131 1174 potentia,
1154 1087 1209 1173 qui
1229 1107 1287 1170 per
1300 1085 1457 1171 insignem
1470 1087 1584 1154 nobi-s

223 1204 340 1270 litatem
369 1211 401 1269 et
428 1204 640 1289 eloquentiam
668 1202 892 1286 praecellebat.
922 1203 979 1267 sed
1007 1197 1152 1266 Tiberine
1181 1201 1277 1286 gratis
1306 1203 1410 1284 agenti
1440 1201 1559 1285 Silano,

222 1321 365 1406 patulus
396 1343 518 1394 eoram,
553 1324 717 1406 respondit
749 1342 783 1385 se
815 1339 943 1406 quoque
972 1316 1083 1384 laetari
1110 1319 1195 1402 quod
1220 1314 1317 1382 irater
1340 1317 1407 1382 eius
1429 1337 1447 1380 e
1469 1334 1561 1401 pere·

223 1433 396 1518 priuatione
426 1433 596 1521 longinqua
624 1433 822 1511 revertisset3
856 1430 953 1517 idque
980 1432 1049 1496 iure
1077 1429 1212 1507 licitum,
1250 1431 1324 1517 quia
1349 1451 1413 1496 non
1434 1438 1559 1496 senatus

223 1550 383 1625 consulto,
406 1568 471 1613 non
492 1546 562 1633 lege
583 1546 691 1630 pulsus
712 1545 803 1612 foret.
827 1544 888 1610 sibi
911 1552 1017 1609 umen
1038 1541 1188 1611 adversae
1204 1565 1278 1610 enm
1291 1545 1429 1627 integras
1442 1564 1557 1627 paren-

222 1659 261 1724 tis
281 1659 331 1724 sui
351 1659 562 1736 offensiones,
585 1681 688 1745 neque
710 1658 814 1726 reditu
837 1655 935 1722 Silani
955 1654 1106 1722 dissoluta
1123 1678 1204 1742 quae
1220 1659 1377 1743 Augustus
1391 1658 1593 1724 voluissetis

220 1771 280 1838 luit
301 1771 430 1856 posthae
451 1775 484 1838 in
506 1771 601 1849 urhe,
623 1793 727 1858 neque
748 1773 889 1838 honores
910 1767 1041 1856 adeptus
1063 1778 1121 1836 est.

306 1883 366 1970 (25)
399 1886 541 1953 llelatom
570 1883 684 1952 deinde
718 1889 758 1952 de
791 1885 982 1950 moderando
1012 1883 1109 1966 Papia
1138 1886 1301 1970 Poppaeo,
1334 1905 1430 1969 11111111
1450 1885 1557 1952 senior

220 2000 391 2084 Augsntns,
422 1982 493 2084 poet
512 1998 606 2065 Iulias
626 2000 824 2083 rogationes,
858 1993 1026 2062 incitandis
1050 1995 1205 2064 caelibum
1226 1997 1337 2083 poenis
1359 2005 1392 2064 et
1412 2001 1557 2085 augendo

221 2111 344 2180 aerario
364 2118 521 2178 sanxerat.
545 2133 604 2178 neo
625 2111 698 2178 ideo
720 2113 865 2196 coniugia
889 2117 920 2174 et
941 2111 1145 2176 educationes
1161 2110 1297 2178 liberum
1312 2110 1555 2198 frequentaban-

291 2334 319 2384 1.
342 2332 461 2384 rendili.
484 2331 603 2382 Correxit
622 2331 769 2383 ilrneetius.
790 2333 830 2388 (ia
847 2343 916 2398 quoe
935 2330 1039 2381 intendi
1053 2331 1193 2391 llelosiue,
1213 2343 1281 2394 quae
1294 2333 1395 2384 imeadi
1405 2329 1558 2397 1111111111.)

221 2403 248 2452 1.
267 2403 302 2453 D.
323 2402 367 2454 M:
389 2404 508 2453 Decimae
527 2403 557 2452 il.
580 2428 608 2440 -
630 2403 656 2453 3.
677 2403 785 2454 exilium
802 2401 840 2452 it.
860 2403 928 2455 -l.
948 2402 1056 2464 depeari
1075 2413 1135 2454 eum
1155 2401 1203 2453 litt.
1221 2402 1260 2456 ii.
1277 2404 1346 2454 -5.
1362 2403 1560 2458 1111111111

221 2473 252 2523 tt.
273 2499 306 2508 -
324 2473 351 2523 u.
372 2473 459 2526 Habet
475 2474 562 2539 prolis
582 2472 619 2524 ii.

221 2665 269 2716 dee
294 2668 534 2727 exspectationem,
569 2676 648 2726 quam
676 2665 764 2716 multis
793 2665 868 2715 annis
907 2661 1025 2715 Postumi
1042 2671 1169 2729 questus,
1189 2672 1220 2717 at
1237 2667 1360 2718 exsilisse
1378 2670 1432 2719 elan
1450 2673 1559 2720 seratas

220 2751 280 2795 ante
305 2747 462 2796 excitaverat
485 2747 512 2794 ln
531 2745 706 2809 ilistoriarum
733 2746 868 2807 prooemio
906 2743 1025 2794 eoosulto
1043 2749 1212 2804 sanciretur,
1232 2748 1360 2813 effecerat.
1382 2751 1408 2809 1,
1424 2748 1451 2801 d.
1468 2750 1559 2802 Altera

220 2823 264 2886 (t,
284 2823 322 2888 1.)
350 2827 493 2886 reprimere
518 2824 650 2876 soluisse:
680 2838 739 2876 nain
759 2825 869 2876 Tacitus
907 2825 973 2874 ratio
1003 2835 1050 2885 per
1078 2826 1179 2877 iudiees
1207 2832 1234 2878 et
1258 2828 1416 2880 sententiam
1440 2842 1471 2881 ex
1490 2829 1557 2894 lege.

220 2917 261 2956 res
288 2905 322 2955 ait
349 2905 469 2968 Augusto
497 2912 584 2969 gestes
611 2918 662 2957 non
697 2904 783 2955 sotum
816 2918 868 2956 non
907 2905 1036 2954 Atterlia
1054 2908 1205 2967 norissima,
1224 2919 1283 2958 eom
1302 2911 1426 2971 princeps
1447 2911 1474 2960 in
1493 2911 1559 2962 exst·

219 2987 341 3045 erripuit,
374 2985 420 3036 sed
440 2984 509 3036 idern
527 2985 590 3034 dum
610 2987 642 3036 iis
661 2985 779 3036 dicendis
799 2985 868 3035 haud
907 2985 971 3033 lium
989 2985 1128 3046 mittebat,
1160 3000 1229 3051 quae
1247 2991 1335 3038 verius
1353 2989 1481 3054 relepatlo
1501 2994 1559 3041 erat

219 3065 334 3118 doluisse
356 3065 450 3117 deeora
471 3068 576 3130 ingenia
595 3068 620 3115 in
638 3067 779 3118 1111111111
799 3066 870 3128 prin·
907 3069 932 3113 et
951 3063 1023 3114 reiut
1040 3078 1055 3116 a
1074 3073 1184 3128 parente
1203 3066 1310 3129 publiea
1329 3063 1399 3132 (nam
1419 3075 1446 3120 et
1464 3082 1558 3132 pareo-

220 3142 398 3208 eipio(i,i.)
419 3145 572 3206 protitatur,
592 3147 869 3210 eiusmodliueeptorn
908 3143 977 3195 tibus
1004 3145 1075 3196 domi
1108 3158 1138 3197 ee
1170 3148 1290 3208 priuatim
1317 3148 1369 3198 hoe
1391 3150 1445 3208 ius)
1477 3150 1555 3202 laeta.

221 3239 254 3275 ne
272 3231 362 3286 epium
381 3225 491 3286 quidem
509 3237 565 3276 esee
584 3229 646 3276 eatis
665 3225 766 3288 liquido
784 3225 869 3275 decie-
908 3224 1017 3276 Ouidius
1033 3239 1126 3277 ornnes
1151 3230 1233 3291 tangit
1250 3226 1330 3279 Trist.
1355 3229 1388 3290 2,
1408 3229 1477 3280 1111
1507 3233 1559 3283 Nee

220 3308 312 3356 rasit.»
349 3305 481 3364 atvero,
506 3307 527 3355 sl
547 3307 686 3356 eonsilium
705 3309 732 3356 h.
752 3306 769 3356 l.
791 3306 869 3368 signi·
905 3318 965 3355 mea
983 3304 1083 3355 decreto
1102 3307 1237 3358 damnasti
1259 3310 1332 3372 saeta
1354 3315 1478 3368 senatus,
1506 3311 1558 3362 ileo

220 3385 326 3436 deatum
346 3394 483 3436 exsecutus
501 3391 589 3444 esset,
614 3385 735 3436 iaoiilima
755 3386 868 3448 quadam
907 3385 1075 3436 msaselseto
1092 3387 1178 3437 iudice
1195 3386 1349 3454 iassafupa
1372 3394 1418 3440 est.
1464 3389 1559 3442 Tristi·

219 3465 387 3516 exeusatione
416 3462 606 3526 professionem
637 3467 706 3516 iliam
733 3466 766 3518 da
790 3465 869 3516 rebus
908 3465 954 3516 las
971 3464 1087 3516 invertas
1104 3467 1207 3530 1111111,
1234 3469 1274 3518 ita
1297 3469 1422 3530 principe
1438 3467 1556 3535 dianam,

219 3547 326 3596 Traiani
352 3543 513 3603 scribendis.
550 3545 582 3595 ad
609 3556 688 3606 quam
717 3552 867 3607 provocant.
910 3545 986 3594 Ultus
1012 3559 1038 3595 es
1064 3545 1192 3611 offensas,
1224 3553 1252 3597 ut
1279 3546 1366 3607 daea,
1403 3550 1461 3609 ipse
1487 3554 1557 3602 tuas.

220 3625 351 3676 iodrrosre
380 3627 518 3687 potuisset.
570 3624 657 3686 Quid,
690 3625 761 3688 quod
788 3624 869 3687 probo
907 3625 981 3675 Adde
998 3625 1068 3687 qood
1085 3624 1216 3688 edietum,
1244 3627 1364 3698 quamuis
1386 3628 1485 3680 immite
1510 3632 1559 3682 mi-

219 3706 269 3756 eibl
288 3709 409 3758 consetur
433 3711 490 3756 erat
517 3707 615 3758 maiore
644 3713 700 3758 arie
724 3713 804 3770 atoue
832 3710 870 3757 tn·
906 3717 1032 3768 nmque,
1059 3703 1184 3755 Attamen
1208 3706 1239 3754 irs
1258 3718 1362 3770 poeseos
1380 3709 1486 3758 nomiae
1504 3710 1559 3762 lesse

219 3789 312 3850 senio,
340 3799 420 3850 qoam
447 3799 463 3835 a
489 3785 623 3838 Cremutio
645 3786 731 3838 Cordo
758 3786 870 3848 aliisque
906 3784 977 3848 [aits
1006 3782 1107 3848 Quippe
1124 3783 1272 3850 relepatue,
1300 3798 1357 3836 stoa
1379 3787 1467 3849 essai,
1486 3790 1560 3841 dieas·

220 3867 316 3918 laetum
341 3869 415 3924 erat,
445 3877 459 3914 a
485 3879 514 3917 se
539 3868 633 3927 exponi
663 3879 740 3927 posse
759 3869 868 3930 Augusti
907 3868 937 3915 io
955 3863 1011 3914 illo.
1048 3864 1125 3914 ere.

221 3953 331 4007 eiusque
364 3943 515 4007 aequalium
552 3949 669 3996 artiones
704 3947 868 4009 moresque?
942 3944 986 3995 25.
1006 3940 1091 4005 Papia
1109 3941 1242 4008 Poppaea]
1267 3945 1300 3996 de
1318 3947 1471 3999 maritandis
1490 3949 1561 4003 ordl-

221 4048 253 4063 -
281 4023 385 4084 raaudi]
416 4037 501 4086 usque
532 4026 558 4075 ln
589 4025 700 4076 Neronis
731 4039 789 4084 res,
823 4029 869 4090 qui
908 4023 1006 4082 nibus,
1033 4022 1104 4075 111.
1123 4023 1207 4087 Papio
1224 4023 1318 4077 Mutilo
1337 4032 1364 4078 et
1382 4026 1415 4090 Q.
1436 4027 1560 4092 Poppaeo

221 4116 267 4165 pro
286 4117 333 4154 eoo
352 4103 462 4155 coneilio
491 4103 537 4164 (1,
558 4101 594 4167 1.)
622 4105 681 4156 linis
700 4107 793 4158 norum
813 4111 871 4158 eret
909 4102 1051 4162 seeundo,
1090 4105 1242 4158 oonsulibus
1270 4107 1388 4158 audeatis
1419 4120 1445 4159 a·
1475 4109 1560 4173 iou,

220 4183 377 4244 Annalium,
396 4197 463 4247 quos
476 4184 607 4236 Historiae
626 4191 687 4238 eote
707 4188 869 4248 compositae
910 4185 1097 4250 quinquennio
1132 4191 1193 4236 ente
1223 4187 1335 4251 Augusti
1372 4176 1473 4240 obitum
1497 4191 1558 4242 late.

221 4262 396 4324 arripiebant.
412 4288 441 4300 -
462 4260 552 4326 euros]
570 4267 667 4327 scripte
687 4266 821 4322 historias.
842 4271 871 4314 ut
910 4291 942 4304 —
961 4263 1045 4314 talias
1062 4260 1228 4330 rorationes]
1261 4269 1325 4319 item
1349 4268 1383 4319 de
1404 4271 1559 4322 maritandis

219 4343 255 4402 l,
283 4344 335 4394 111
367 4355 432 4392 earo
453 4347 558 4392 nostra.
587 4369 619 4380 -
651 4347 680 4394 ies
705 4344 794 4409 erepti]
827 4345 871 4398 Sle
910 4345 1068 4398 ordinibus.
1101 4345 1165 4396 latas
1194 4359 1220 4395 a.
1250 4347 1334 4410 tux,
1365 4350 1413 4401 sed
1444 4353 1561 4402 severior

221 4421 314 4474 llorat.
335 4421 390 4472 Sat.
409 4424 441 4483 1,
461 4423 490 4481 d,
511 4423 561 4474 ot:
596 4425 691 4474 Villius
715 4427 745 4474 in
770 4426 872 4476 Fausta
910 4428 989 4478 etlam
1009 4426 1091 4487 Papia
1109 4426 1251 4489 Poppaea,
1271 4429 1345 4480 unde
1364 4430 1430 4480 dicit
1445 4432 1562 4481 ioeimss·

222 4503 311 4553 Sullas
329 4515 420 4566 perer,
454 4516 567 4565 quaeum
586 4504 744 4556 edolterium
765 4509 872 4556 remmi-
910 4508 969 4567 dis,
995 4506 1182 4566 intendendis,
1211 4509 1338 4572 sugendis
1356 4510 1482 4562 casulam
1499 4523 1561 4573 poe·

222 4589 301 4634 serat.
322 4581 637 4646 -ρ1ο111111111111111
658 4586 754 4646 1,*10.
778 4611 806 4623 -
832 4587 871 4638 dd.
910 4587 963 4636 oia.
1002 4584 1052 4635 llio
1071 4585 1121 4641 54,
1147 4585 1200 4637 io:
1231 4581 1291 4640 ὁδ’
1308 4584 1483 4656 Αὔγουστος
1500 4595 1562 4654 τοῖς

222 4659 872 4728 5111111159.811111111611111111.1οοο
912 4681 942 4717 τε
971 4660 1099 4732 ἀγάμοις
1128 4667 1179 4718 καὶ
1203 4672 1269 4732 ταῖς
1291 4662 1447 4741 ἀνάνδροις
1464 4666 1561 4741 βαρύ-

222 4741 373 4792 interiectus
392 4748 442 4793 eei.
461 4742 497 4800 u,
516 4743 559 4792 20.
594 4744 660 4794 illst.
681 4744 713 4803 t,
733 4745 777 4795 le.
808 4745 871 4808 Agr.
912 4759 982 4813 sepa
1011 4743 1048 4796 soi
1076 4743 1207 4812 ἐπιτίμια
1235 4743 1365 4812 ἐπέταξε.
1402 4746 1455 4798 Cir·
1475 4748 1560 4811 Lipsil

222 4820 250 4870 1.
275 4845 301 4858 -·
326 4832 381 4868 ooo
399 4819 466 4884 leae]
494 4821 600 4883 Triplex
627 4826 693 4873 retia
723 4825 871 4876 exsulandi.
913 4825 1021 4875 liseurs.
1050 4824 1080 4876 C.
1103 4826 1200 4889 Zumpt
1223 4825 1302 4877 lioms
1325 4827 1505 4893 Beodllseruop
1532 4842 1559 4892 p.

223 4899 339 4950 Primum
357 4907 464 4952 senatus
483 4900 609 4964 demeto,
635 4905 711 4966 qussi
731 4907 768 4954 rei
788 4904 874 4965 pubii-
912 4903 954 4954 117.
985 4928 1017 4942 -
1049 4905 1170 4969 oapeodo
1196 4903 1321 4970 aesario]
1355 4906 1465 4972 Aliquot
1489 4911 1560 4962 enim

226 4991 273 5032 aas
292 4983 447 5036 interaneis
473 4992 541 5041 quse
561 4983 627 5031 ratio
646 4983 807 5036 validissima
826 4997 875 5035 nee
914 4985 1000 5046 eapite
1027 4983 1140 5035 habebat
1171 4984 1203 5036 de
1231 4985 1354 5045 eadueis.
1385 4988 1561 5052 secantibus,

226 5058 302 5111 lseiie
323 5062 426 5111 reniam
445 5065 490 5108 ant
508 5059 698 5123 indulgentiam
712 5064 873 5115 lovaniensi.
915 5067 1060 5127 ereptieiie.
1080 5063 1133 5116 Cir.
1148 5064 1450 5131 detractauerunt,
1464 5067 1562 5132 iuti.

223 5139 290 5194 ideo
306 5139 444 5203 Aurasius
463 5140 545 5192 multa
563 5139 596 5192 de
613 5143 730 5195 moritus
742 5143 875 5209 tmpore
892 5111 899 5201 l
914 5144 1007 5199 Baeiii
1025 5144 1094 5197 litet.
1114 5147 1166 5197 tur.
1185 5146 1262 5199 llam
1279 5157 1308 5211 p.
1326 5145 1387 5200 tos.
1407 5173 1440 5186 -
1465 5147 1563 5204 Plurslt
