3734 5917
1454 549 1546 605 xxiii

296 698 437 769 curavit
459 699 615 768 Andreas
635 701 801 768 Alciatus.
844 700 940 767 llaec
967 701 1043 788 ipsa
1070 701 1216 788 repetita
1236 702 1289 767 est
1309 700 1480 787 Basileae,
1502 716 1547 765 ex

216 815 346 881 otieina
368 816 416 880 Io.
437 814 593 881 habenti
618 810 733 881 1519.
754 816 787 880 in
809 814 887 900 tol,
915 816 979 879 nisi
1001 814 1088 900 quod
1115 815 1149 880 in
1170 815 1282 882 libello
1305 812 1347 881 de
1368 814 1435 881 situ
1457 810 1546 881 Ger-

215 930 342 995 maniae
362 926 546 994 Rhenanus
567 929 725 993 nonnulla
747 928 893 993 correxit
915 946 956 993 ex
972 926 1130 994 Editione
1143 928 1414 1017 Narimbergensl
1434 916 1546 1012 (apud
1594 914 1603 937 ¹

215 1039 304 1107 Frid.
326 1040 514 1107 Creussner
535 1041 670 1107 circiter·
689 1058 718 1105 a.
743 1030 881 1122 1473.)
915 1042 972 1106 iol.

299 1153 335 1219 P.
356 1151 501 1220 Cornelii
531 1153 638 1219 'faciti
670 1155 714 1220 ab
746 1172 889 1221 excessu
919 1155 998 1220 Divi
1030 1154 1178 1244 Augusti
1205 1154 1425 1219 Historiarum
1456 1150 1548 1219 Libri

215 1268 357 1353 quinque
379 1285 486 1351 nuper
507 1268 634 1333 inventi
656 1270 757 1353 atque
778 1286 850 1335 cum
873 1269 1008 1355 reliquls
1029 1269 1100 1333 eius
1122 1264 1289 1354 Operibus
1309 1267 1449 1333 maxima
1470 1263 1549 1331 dili-

214 1381 329 1471 gentia
352 1380 476 1446 excusi.

299 1490 713 1578 Florentiaeperberedes
726 1490 867 1578 Philippi
880 1492 1012 1559 luntac.
1034 1490 1135 1559 Anno
1143 1492 1273 1559 llomtni
1284 1492 1335 1561 Μ.
1345 1494 1387 1560 Ι).
1400 1491 1549 1561 xxvii.

216 1604 338 1672 Mense
352 1604 436 1671 Maii
454 1596 560 1686 (stc).
585 1603 647 1670 Die
662 1602 777 1670 XXII.
800 1601 969 1672 Clemente
982 1601 1144 1673 Pontltice
1158 1606 1254 1673 Max.
1277 1608 1312 1673 8.
1332 1601 1495 1675 111364.

298 1718 468 1785 Praefatio
489 1718 573 1783 haec
595 1720 670 1785 est:

467 1832 548 1897 Ant.
571 1819 807 1910 Francsiuus)
829 1828 1047 1896 Varcbiensis
1067 1824 1239 1899 Studiosis
1259 1828 1297 1899 S.

297 1945 478 2013 Mirabitur
508 1945 652 2009 fortusse
680 1944 858 2031 quispiam,
893 1948 927 2009 et
955 1962 1023 2009 non
1051 1944 1188 2029 iniuria,
1219 1964 1313 2029 nos,
1331 1943 1552 2033 temporibus,

215 2060 247 2125 in
277 2060 396 2145 qulbus
432 2058 516 2124 bello
545 2059 699 2122 vastatur
735 2058 892 2123 universa
924 2056 1040 2143 ltalia,
1075 2059 1245 2125 vexantur
1275 2057 1396 2148 urbes,
1431 2056 1553 2125 ardent

214 2176 320 2256 tecta,
352 2171 436 2238 adeo
470 2174 506 2235 ut
539 2171 643 2236 omnis
673 2169 903 2237 benefaciendi
934 2170 1052 2237 modus
1073 2172 1261 2238 exstinctus
1282 2189 1358 2239 esse
1379 2168 1552 2258 videatur,

215 2304 322 2351 novos
353 2288 509 2350 auctores
541 2285 574 2348 ln
606 2284 711 2349 lucem
740 2282 849 2349 edere.
891 2282 942 2350 At
971 2303 1041 2349 non
1069 2284 1112 2351 ob
1142 2282 1176 2349 id
1197 2303 1218 2351 a
1239 2287 1355 2350 nostro
1376 2302 1553 2371 possumus

215 2395 386 2465 discedere
418 2398 588 2478 institut03
622 2416 718 2485 num,
750 2399 788 2461 ut
821 2415 934 2463 omnes
966 2400 1109 2483 norunt,
1149 2417 1214 2465 uos
1240 2396 1427 2466 iamdudum
1455 2398 1553 2485 Reip.
1613 2411 1617 2419 ·

214 2511 395 2577 litterariae
417 2530 478 2595 pro
499 2510 627 2577 viribus
649 2509 811 2594 prodesse
825 2508 1053 2594 decrevimus,
1075 2509 1288 2597 dedimusque
1308 2514 1407 2579 uobis
1421 2514 1552 2595 multos,

215 2629 280 2689 tum
310 2622 480 2705 Graecos,
512 2627 579 2689 tum
610 2623 748 2689 Latinos
776 2627 951 2708 auctores,
983 2628 1099 2690 nostro
1130 2623 1246 2691 labore
1274 2626 1479 2716 castigatos,
1511 2642 1552 2693 ao

214 2734 464 2826 diligentissime
494 2755 646 2803 excusos
694 2736 791 2804 Nunc
819 2755 900 2802 vero
922 2735 961 2801 P.
982 2732 1129 2804 Cornelii
1151 2736 1259 2804 Taciti
1280 2738 1550 2829 elegantissimae

213 2847 372 2915 historiae
392 2850 434 2915 ab
449 2866 591 2915 excessu
603 2850 680 2916 lllvl
697 2850 842 2939 Augusti
867 2849 1011 2935 quinque
1032 2850 1152 2916 Libros
1173 2868 1280 2937 nuper
1300 2852 1457 2918 inventos
1478 2870 1551 2919 cun

212 2961 348 3047 reliquis
364 2963 434 3029 eius
446 2958 612 3047 Operibus
630 2980 773 3029 excursos
788 2960 920 3045 damus,
934 2982 956 3029 a
968 2962 1121 3049 Philippo
1132 2962 1299 3030 Beroaldo
1314 2966 1459 3049 iuniore,
1475 2967 1550 3032 vira

213 3076 319 3139 nostri
340 3076 444 3142 seculi
466 3074 704 3165 eruditissimo,
727 3076 818 3161 prius
840 3077 1045 3164 castigatos,
1067 3096 1143 3142 mox
1165 3095 1248 3143 vero
1269 3095 1291 3143 a
1316 3078 1412 3146 nobis
1432 3073 1550 3145 iterum

212 3190 427 3279 recognitos,
462 3206 590 3275 vosque
621 3187 664 3254 ud
691 3188 788 3254 buius
820 3192 967 3256 auctoris
994 3190 1171 3257 lectionem
1192 3188 1408 3273 vehementer
1428 3190 1550 3258 borta-

213 3320 285 3367 mur
306 3304 370 3369 cet.

295 3415 485 3505 Diligenter
523 3413 588 3481 duo
621 3416 772 3501 exempla
811 3415 1041 3483 Bibliothecae
1075 3414 1308 3509 Gottingensis
1339 3415 1548 3504 aliquatenus

214 3528 303 3595 luter
323 3545 362 3595 se
383 3527 516 3595 diversa
529 3530 617 3596 inter
630 3548 668 3595 se
683 3528 822 3595 contulit
837 3545 878 3595 ac
893 3528 1072 3613 descripsit
1085 3523 1286 3619 Schweiger
1301 3529 1366 3594 ΠΙ.
1382 3549 1415 3614 p.
1432 3526 1548 3595 1003.

296 3643 366 3709 Iam
388 3660 431 3708 ex
452 3640 565 3707 verbis
585 3660 669 3707 mou
689 3661 769 3707 aero
791 3661 814 3706 a
836 3640 934 3708 uobis
962 3644 1090 3707 iterum
1120 3645 1315 3729 recoputtoo
1342 3642 1502 3708 nonnulla
1522 3660 1548 3725 ,a

211 3755 378 3823 Francino
400 3757 568 3835 correcta,
590 3755 708 3820 saltem
729 3756 855 3819 mutata
876 3773 953 3821 esse
967 3753 1150 3844 colligunt3
1170 3752 1249 3838 sed,
1271 3758 1413 3841 excepto
1436 3758 1546 3823 tamen

211 3868 385 3937 Bernardo
407 3866 614 3934 Pbllomatbe
628 3866 752 3935 Pisano
773 3868 808 3931 in
830 3867 1003 3951 praeclaro
1019 3867 1075 3931 illo
1091 3866 1236 3952 Apuleio
1250 3884 1283 3933 a.
1294 3866 1345 3933 Μ.
1359 3868 1401 3934 D.
1416 3866 1546 3957 xxu,

212 3984 361 4070 plerique
397 3981 453 4047 lstl
487 3980 633 4048 editores
665 3980 790 4046 luntlni
831 3980 945 4046 verbis
978 3979 1151 4045 dumtaxat
1182 3978 1365 4069 magnificis
1397 3984 1547 4048 veterum

212 4098 409 4184 scriptorum
422 4098 634 4163 correctores
653 4112 729 4159 sese
750 4094 977 4180 lactaverunt,
998 4112 1039 4159 eo
1062 4093 1133 4157 fere
1155 4094 1321 4178 contenti,
1342 4095 1381 4159 ut
1395 4093 1546 4161 anterio-

211 4229 282 4282 rem
298 4212 442 4299 a'liquam
464 4208 661 4292 editionem,
683 4204 826 4275 Aldinas
847 4206 1021 4294 imprimis,
1043 4206 1276 4294 exprimerent.
