3734 5917
623 506 744 573 enen
763 506 848 572 xiv.
892 506 967 593 cap.
991 508 1020 571 1.
1043 507 1076 573 e.
1099 504 1131 573 a.
1495 491 1558 577 tra

225 663 340 733 lielircs
360 662 534 733 inlecebras
554 663 728 733 subsidium
748 664 898 733 aiemine
919 665 1089 751 petivisse,
1111 664 1335 752 inmissamqne
1349 665 1448 733 Acten
1462 664 1558 735 liber·

225 786 304 858 tem,
336 799 418 867 quoe
446 779 538 847 simul
558 801 616 847 suo
637 783 779 868 periculo
800 788 832 846 et
850 779 978 846 infamio
1000 778 1132 845 Neronis
1154 782 1248 845 anxia
1269 778 1409 845 deferret
1429 779 1557 864 pervul-

226 901 332 979 gatum
353 915 424 959 esse
444 892 597 960 incestum
618 893 772 980 gloriante
788 900 908 970 matre,
931 913 990 959 nec
1003 891 1191 959 toleraturos
1206 891 1321 959 milites
1334 890 1458 978 profani
1472 892 1559 981 prin-

226 1005 306 1091 cipis
326 1008 505 1094 imperinm.
548 1003 662 1071 Fabius
681 1008 826 1073 Rusticus
848 1027 912 1073 non
933 1007 1125 1092 Agrippinae
1146 1003 1202 1071 sed
1224 1008 1342 1071 Neroni
1364 1010 1502 1094 cupitum
1525 1004 1557 1073 id

226 1126 393 1197 memoret,
417 1118 619 1205 eiusdemque
640 1116 771 1185 libertae
793 1126 863 1185 astu
883 1118 1060 1185 disiectum.
1095 1120 1152 1185 sed
1173 1138 1256 1205 quae
1278 1118 1424 1195 Cluvius,
1448 1117 1581 1185 cedetne

225 1234 324 1299 ceteri
350 1252 477 1319 qnoque
507 1239 651 1299 unctores
679 1229 867 1319 prodidero,
902 1240 936 1298 et
954 1232 1039 1298 fama
1058 1235 1120 1299 huc
1148 1231 1293 1310 inclinat,
1329 1252 1386 1298 eeu
1414 1233 1560 1316 concepit

225 1460 303 1525 tatio
324 1460 357 1524 in
378 1479 416 1525 ce
435 1458 504 1525 risa
525 1466 589 1535 est,
611 1479 692 1546 quae
713 1458 904 1547 puellaribus
925 1461 1015 1525 annis
1036 1466 1177 1545 stuprum
1202 1478 1274 1524 cnm
1295 1456 1416 1545 Lepido
1431 1478 1487 1543 spe
1502 1460 1559 1524 do·

224 1570 405 1638 minationis
433 1570 616 1647 admiserat,
651 1572 723 1656 pari
749 1570 896 1658 cupidine
917 1592 1018 1661 usqne
1039 1571 1079 1639 ad
1100 1570 1188 1639 libita
1210 1570 1353 1637 Pallantia
1374 1570 1557 1657 provoluta,

225 1693 258 1751 et
277 1688 415 1751 exercita
436 1689 476 1751 ed
497 1704 591 1751 omne
611 1687 762 1772 flagitium
778 1687 880 1772 patrui
894 1684 1023 1771 nuptiis.
1069 1682 1108 1769 (3)
1131 1684 1229 1770 igitur
1244 1688 1326 1751 Nero
1341 1687 1442 1751 vitare
1456 1697 1596 1750 soors-¹0

224 1805 275 1863 tos
296 1798 363 1864 eius
384 1818 588 1883 congressus,
610 1797 832 1864 abscedentem
845 1799 878 1863 in
893 1796 1002 1865 hortos
1024 1804 1077 1863 eut
1098 1797 1306 1865 Tusculanum
1328 1796 1380 1863 rel
1401 1800 1559 1863 Antiatem

225 1913 259 1977 in
280 1932 390 1999 ugrum
412 1914 560 1990 laudaro,
586 1915 671 2001 qnod
691 1914 791 1978 otium
812 1911 992 1978 lacesseret.
1024 1917 1203 1998 postremo,
1226 1912 1409 1998 ubicunqne
1429 1907 1560 1977 hebere-

225 2030 292 2101 tur,
313 2044 520 2111 praegravem
533 2034 637 2107 ratus,
658 2024 834 2091 interlicere
854 2022 1029 2099 constituit,
1050 2026 1200 2091 hactenus
1215 2026 1412 2102 consultans,
1436 2044 1559 2092 ueneno

224 2157 265 2202 an
285 2136 372 2205 ferro
393 2138 443 2205 vel
464 2159 528 2225 qne
549 2138 610 2205 alia
631 2143 673 2204 vi.
709 2138 889 2226 placuitque
916 2140 1020 2223 primo
1049 2157 1219 2204 venenum.
1257 2140 1314 2203 sed
1340 2139 1423 2202 inter
1451 2136 1559 2225 epulas

224 2250 377 2338 principis
398 2253 426 2317 si
447 2250 590 2325 daretur,
612 2252 726 2318 roicrri
746 2255 786 2318 ad
807 2271 911 2317 casum
934 2272 998 2317 non
1020 2258 1144 2339 poterat
1164 2249 1218 2319 lali
1232 2251 1294 2318 iam
1309 2250 1478 2317 Britannici
1492 2248 1597 2319 exi-rs

227 2364 291 2444 tio;
314 2371 347 2428 ct
366 2364 528 2432 ministros
550 2372 668 2432 tentare
688 2367 821 2431 arduum
842 2366 1009 2431 ridebatur
1029 2363 1170 2431 mulieris
1190 2384 1250 2431 usu
1271 2366 1427 2431 scelerum
1448 2362 1560 2433 odrer·

229 2496 282 2543 sns
303 2476 431 2544 incidiae
452 2480 611 2557 intentae3
634 2485 727 2565 atque
748 2477 818 2563 ipse
838 2479 1070 2564 praesumendo
1091 2475 1232 2543 remedia
1252 2478 1411 2543 munierat
1431 2496 1556 2564 corpus.

228 2588 347 2657 terrun
369 2598 402 2657 ct
422 2592 535 2659 caedes
554 2612 691 2678 quonam
706 2589 802 2659 modo
816 2590 1044 2669 occultaretur,
1067 2611 1160 2658 nemo
1175 2586 1366 2687 reperiebat;
1390 2598 1423 2657 et
1436 2611 1475 2657 ne
1489 2592 1561 2678 quie

296 2800 322 2850 1.
339 2799 389 2851 tet.
407 2799 452 2852 iic
471 2800 511 2851 s'il.
532 2801 563 2852 B·
591 2824 624 2839 -
649 2800 872 2853 remitteret
892 2798 923 2849 tt.
953 2826 984 2839 -
1011 2800 1038 2852 7.
1058 2801 1122 2851 istit.
1142 2800 1190 2855 lic
1208 2802 1280 2852 imm.
1301 2802 1331 2852 ll.
1352 2826 1385 2839 -
1403 2800 1430 2853 8.
1449 2800 1561 2852 conot-

225 2870 335 2923 totionte
351 2870 390 2922 ts.
411 2894 441 2909 -·
460 2873 487 2923 t.
506 2872 658 2923 ιιιιιιίιιιαι
672 2872 712 2922 ti.
730 2894 763 2909 -
782 2873 827 2922 tu
845 2867 975 2935 obterique
991 2872 1030 2925 11.
1050 2892 1083 2907 -
1101 2870 1145 2921 tc.
1163 2884 1309 2938 prueprcre
1322 2872 1352 2927 it
1362 2906 1370 2930 .
1390 2872 1462 2936 quod
1476 2872 1563 2933 pirset

224 2940 423 2994 Doederleinio.
442 2966 474 2979 -
493 2943 536 2993 15.
552 2944 653 3005 petreis
670 2942 709 2993 u.
728 2966 762 2979 -
781 2942 938 2995 teutonici
952 2941 992 2997 u.
1022 2966 1051 2981 ·-
1080 2940 1124 2993 tc.
1144 2948 1270 3015 temptope
1287 2944 1324 2999 it.
1349 2968 1380 2983 ··-
1401 2942 1445 2997 17.
1463 2944 1562 2997 intente

225 3012 264 3063 u.
284 3038 318 3051 -
336 3011 381 3063 tt.
399 3013 472 3064 cedet
489 3012 528 3066 it.
549 3039 578 3051 -
598 3013 763 3077 repperiebant
779 3012 819 3067 li.

227 3194 438 3259 interpretentur
455 3194 489 3247 de
507 3197 624 3256 iniuriis,
644 3196 742 3260 entius
753 3210 768 3248 ι
780 3202 875 3249 scnetu
911 3191 1056 3268 ἐραστήν,
1075 3192 1130 3249 rdr
1147 3190 1309 3269 ἐρόμενον,
1328 3195 1382 3251 cde
1400 3198 1451 3265 τῆς
1470 3197 1561 3270 Apon-

229 3276 300 3326 rtero
316 3274 462 3333 elicietur:
493 3276 540 3327 sed
557 3278 586 3326 in
604 3289 683 3328 unani
702 3277 874 3341 Agrippinen
911 3274 1012 3341 σίλλης
1029 3270 1138 3348 ἄνδρα,
1164 3274 1218 3328 τὸν
1235 3276 1285 3327 sect
1303 3282 1368 3341 ταῖς
1386 3272 1488 3340 ἄλλαις
1503 3272 1561 3329 cil-

225 3354 367 3418 Poppeeee
387 3358 582 3409 crtmtnsttencs
608 3359 692 3408 tecue
716 3362 794 3418 sunt,
821 3368 875 3408 noe
911 3354 966 3407 rori
993 3349 1134 3420 ἀδελφαῖς
1156 3354 1193 3427 τῇ
1220 3370 1250 3407 ra
1272 3352 1436 3430 Ἀγριππίνῃ
1454 3360 1504 3408 sect
1524 3354 1560 3426 τῇ

230 3437 258 3486 in
267 3441 397 3486 senciens.
411 3434 510 3487 Neutra
520 3438 587 3487 retio
596 3448 656 3487 curn
669 3442 729 3499 rptr
741 3436 876 3489 rideretur
910 3432 1051 3504 Aeouilltp
1073 3431 1138 3501 μετ’
1152 3430 1247 3487 cericei
1274 3434 1390 3489 destruo
1408 3432 1559 3497 συνόνια,

226 3514 431 3576 itocderietnto,
450 3518 600 3578 suspicatus
616 3522 657 3569 eet
673 3516 799 3567 inridier.
829 3517 874 3567 eis
910 3541 927 3553 -
944 3542 959 3553 -
977 3508 1013 3564 dv
1030 3515 1081 3566 erat
1098 3512 1237 3577 διάδοχον
1255 3514 1308 3583 τῆς
1325 3510 1487 3582 ἡγεμονίας
1505 3532 1561 3566 κα-

231 3598 303 3647 entm
321 3596 460 3656 unitus»,
478 3599 588 3660 inquit,
617 3601 692 3647 seret
708 3602 803 3648 senatu
821 3608 874 3647 non
912 3591 1056 3644 rcistrece·
1067 3591 1278 3662 ἐπηγγέλλετο,
1297 3591 1498 3660 κατεφόνευσε
1513 3594 1561 3646 Cs-

225 3676 386 3737 tndeeorcs,
422 3676 543 3731 meula.
575 3676 603 3729 ld
630 3682 689 3737 cst,
724 3676 872 3740 indigentie
912 3674 999 3738 tiguie.
1029 3674 1142 3727 liutiilus
1161 3674 1333 3727 Nemetiunus
1351 3673 1391 3739 (ut
1409 3688 1479 3726 sune
1497 3680 1561 3725 eert-

225 3756 402 3809 eensolctione
438 3759 537 3815 miris:
575 3770 665 3808 eunus
698 3757 796 3821 populo
830 3759 876 3809 tro
913 3754 1029 3806 bendum
1057 3766 1116 3805 cuin
1141 3752 1275 3819 Zumptio)
1299 3755 1331 3807 de
1350 3755 1437 3806 reditu
1455 3766 1503 3806 suo
1523 3757 1561 3817 1,

227 3836 410 3890 conveniebat.
445 3836 577 3889 Plurelcm
594 3838 711 3888 incidiae
725 3838 878 3890 cicerone·
914 3833 985 3884 coer
1016 3835 1134 3897 Quartus
1159 3830 1316 3897 (Lepidus).
1345 3833 1473 3885 caesareo
1500 3835 1562 3885 duris

136 3917 140 3927 “
225 3918 272 3971 liet
294 3916 399 3969 cluent.
419 3916 464 3969 id.
486 3918 572 3969 Vetto.
598 3919 626 3968 tn
653 3918 775 3981 lippet
800 3918 874 3968 Fesn.
912 3912 971 3963 onir
986 3914 1103 3974 irrepere
1119 3924 1219 3977 repeto,
1243 3912 1341 3963 incesti
1355 3926 1466 3975 poseant
1484 3913 1563 3963 eoios't

224 3998 258 4057 5,
288 3997 340 4047 p..
373 4019 403 4035 ..
434 3998 544 4048 ostense
574 3994 716 4062 consepto]
748 3995 800 4058 1³,
828 3996 874 4048 45.
912 3992 1057 4049 mutetis
1082 3992 1211 4043 incestum
1228 3998 1304 4045 rocci
1321 3992 1479 4044 adulterium
1499 4005 1561 4044 cusu

225 4084 253 4129 se
268 4076 313 4127 se.
912 4075 1000 4122 nrorts
1016 4071 1152 4123 sororibus
1165 4074 1342 4124 commissum.
1358 4096 1389 4111 ·-
1405 4070 1560 4137 praecinto]

258 4158 287 4208 ι
307 4155 394 4207 medic
410 4152 476 4220 diei]
494 4154 555 4219 Quo
575 4162 695 4221 tenpore
712 4158 876 4220 intempesti-
912 4150 1028 4203 Treietto
1048 4152 1172 4203 rarissimi
1192 4164 1276 4212 ueusc
1296 4152 1411 4204 ederunt
1424 4158 1561 4213 prseterea

225 4247 273 4288 ree
292 4239 368 4288 erent
384 4236 480 4298 eputee
498 4250 530 4289 er
548 4238 666 4288 monins
681 4236 873 4289 ttomsnornss.
914 4228 982 4283 (iett-
996 4233 1029 4291 1,
1042 4230 1095 4282 icc
1113 4232 1269 4293 provolutos
1281 4234 1424 4299 specuque
1438 4233 1466 4282 tn
1479 4233 1559 4285 iram.

225 4315 332 4367 lieren.
369 4315 416 4367 Vei
439 4316 483 4367 dte
505 4317 585 4366 nimir
613 4318 788 4379 tempestivae.
819 4315 874 4367 cir.
912 4334 947 4349 -
963 4312 1057 4375 petrici
1073 4308 1185 4376 rsssptts'r]
1204 4315 1268 4367 itcru
1286 4314 1403 4365 incestis.

225 4394 308 4459 Lipsit
326 4394 472 4447 Brennum
490 4394 523 4446 t.
552 4396 585 4445 sd
604 4395 631 4444 li.
651 4398 669 4448 i.
700 4421 728 4433 -
759 4392 873 4463 prpitii]

226 4475 308 4527 semel
326 4474 461 4527 dumtaxat
477 4474 511 4527 at
523 4475 667 4539 agrippine
685 4478 797 4535 tentati,
827 4476 874 4525 ced
949 4468 975 4521 3.
995 4469 1144 4537 lacesceret]
1165 4476 1295 4534 tentaret,
1314 4476 1477 4537 experiretur
1496 4480 1561 4525 tuni·

224 4552 328 4605 tiiteos
353 4555 456 4607 senece
479 4567 527 4617 per
549 4555 634 4607 Acten
655 4556 795 4618 impedies:
825 4556 875 4605 tte·
913 4563 993 4613 sueni
1012 4553 1144 4604 insolitam
1163 4555 1238 4605 matri
1266 4549 1329 4615 (tarn
1349 4555 1510 4620 negotio-*cel
1534 4562 1562 4606 et

226 4645 279 4696 cue
304 4634 411 4697 pluralis
438 4636 526 4692 locuni
553 4646 606 4686 non
634 4635 723 4688 hebet.
757 4662 790 4673 -
823 4636 875 4685 Fc-
912 4632 1043 4683 insolitem
1067 4644 1138 4695 rem,
1166 4639 1196 4685 ut
1220 4634 1312 4685 floret.
1339 4633 1422 4695 (1.1,
1447 4633 1497 4694 35,
1521 4636 1558 4685 22

224 4710 501 4778 munsterum,
528 4714 573 4765 2⁰.
592 4714 644 4772 15,
672 4715 716 4766 dl.
745 4714 808 4780 Agr.
827 4716 872 4764 to.
912 4711 1063 4776 Quicunque
1077 4712 1193 4779 Bithyno
1210 4714 1313 4763 lacescit
1330 4712 1500 4775 Cuwctiiom
1516 4728 1562 4777 ps·
1632 4710 1634 4715 '

227 4816 260 4831 -
289 4793 387 4845 Nocet
412 4796 529 4857 crepiturn
551 4790 596 4857 td]
624 4792 669 4843 Sic
686 4793 719 4855 t,
749 4792 799 4844 tite
831 4807 875 4843 eu·
910 4792 987 4855 tepor
1013 4794 1122 4846 eumen.
1154 4796 1314 4855 ereptusque
1342 4793 1465 4857 Virgilius
1495 4795 1561 4847 lello

222 4874 309 4935 ptiust
331 4873 361 4923 td
380 4872 494 4924 ritorto.
523 4896 554 4909 -
581 4869 696 4937 Lepido]
714 4872 788 4924 Suet.
815 4871 872 4925 Cel.
911 4872 1042 4922 lacessere.
1063 4871 1153 4923 lineo.
1191 4872 1254 4925 Sine
1274 4886 1352 4925 ceusu
1371 4874 1497 4925 Heinsius
1516 4888 1562 4927 ro·

224 4951 278 5002 Ἅι
314 4953 377 5005 retr
412 4954 438 5003 ie
467 4957 546 5005 arrico
577 4954 692 5002 esuritur
721 4952 872 5010 Daritim,
911 4950 981 5001 lebet
998 4957 1151 5014 capesseret.
1174 4978 1202 4991 -
1231 4948 1370 5017 lucterius]
1403 4952 1466 5003 illud
1486 4954 1562 5005 dum-

226 5033 361 5084 cosscietcsc
384 5038 480 5096 posteo
505 5034 699 5084 coniercttcnie
722 5033 753 5084 io
780 5032 875 5084 Cotum
911 5036 998 5089 teret:
1019 5033 1166 5084 interlicere
1184 5038 1294 5084 matrem
1313 5039 1450 5096 procerte
1470 5035 1562 5085 decre·

222 5114 334 5178 tempus
351 5114 439 5178 stupri
455 5114 485 5163 tes
501 5113 680 5177 Apripptm
696 5116 723 5163 ct
740 5114 871 5164 limitem.
911 5116 1001 5172 rent,
1021 5111 1068 5164 sed
1082 5112 1115 5165 de
1127 5112 1206 5163 modo
1225 5118 1326 5163 tentum
1345 5113 1503 5177 smtrtgetiat.
1524 5138 1559 5151 -·

224 5192 276 5247 lito
292 5193 346 5257 tt,
364 5192 417 5245 ω
448 5190 503 5246 cde
524 5191 652 5247 Λέπιδον
677 5192 790 5249 iurene
816 5190 872 5247 cde
908 5188 1110 5257 procurrendo]
1139 5191 1216 5247 ortu.
1236 5192 1270 5244 Α.
1288 5192 1321 5245 Α.
1341 5191 1374 5251 t.
1393 5192 1460 5249 'itte
1492 5192 1561 5249 diret
