3734 5917
338 544 399 611 100
731 540 917 610 tonantii
937 538 1071 608 raeiri
1090 540 1300 607 tutaminis

59 744 115 791 i
147 754 250 787 m
239 732 344 797 w
345 700 484 792 (35)
506 707 569 769 lies
584 720 623 767 eo
639 722 720 769 anno
735 702 874 787 prolatas
895 703 982 768 band
995 703 1166 782 referrem,
1187 724 1221 768 m
1212 701 1373 789 'pretium
1386 696 1471 766 iuret
1485 700 1540 767 Cn.
1554 694 1677 763 Pisonis

152 840 234 879 ,ιιιι
337 825 370 884 et
390 815 490 883 Asinii
511 816 591 883 Galli
613 836 710 903 snper
731 835 770 882 eo
788 814 917 902 negotio
932 815 1073 883 diversas
1087 814 1256 883 sententies
1270 833 1415 881 noscere.
1459 815 1548 891 Piso,
1568 830 1678 899 quam·

336 950 431 1019 qnam
451 928 610 997 abiturum
632 952 666 996 se
688 928 810 997 dixerat
831 931 964 1007 Caesar,
987 932 1030 995 ob
1051 928 1085 996 id
1107 931 1205 1015 magis
1225 890 1362 1014 agendis
1383 926 1549 1000 censebat,
1570 931 1607 989 ut
1622 921 1679 990 ab·

336 1052 425 1110 sente
445 1046 588 1131 principe
611 1051 757 1111 senatum
780 1051 812 1109 et
833 1044 955 1135 equites
975 1062 1072 1127 posse
1093 1063 1150 1108 sua
1171 1041 1278 1108 munia
1292 1041 1450 1109 snsdnere
1464 1042 1615 1106 decorum
1628 1036 1678 1103 rei

313 1156 481 1245 spublieae
502 1158 595 1222 toret
640 1156 762 1231 Gallus,
796 1156 871 1242 qnia
901 1158 1038 1245 speeiem
1066 1155 1221 1223 libertatis
1249 1158 1322 1223 Piso
1343 1161 1562 1243 praeceperat,
1598 1152 1680 1218 nihil

336 1271 410 1337 satis
437 1269 569 1337 inlustre
598 1277 653 1337 ιιι
680 1291 722 1337 ex
751 1268 902 1353 dignitate
928 1269 1038 1357 populi
1065 1271 1198 1337 Romani
1227 1267 1288 1335 nisi
1311 1290 1420 1337 eoram
1442 1275 1475 1334 et
1497 1266 1555 1335 sub
1578 1264 1679 1331 oeulis

334 1383 494 1461 Caesaris,
516 1402 620 1471 euque
642 1390 830 1475 conventum
851 1381 961 1448 ltaliae
979 1391 1011 1449 et
1025 1380 1190 1449 adfluentis
1205 1380 1383 1469 provincias
1397 1380 1593 1470 praesentiae
1607 1378 1679 1445 eiua

55 1542 165 1582 ,Νι
143 1549 224 1593 ,Μ
335 1496 487 1565 servanda
510 1494 645 1563 dicebat.
670 1466 817 1563 audiente
838 1494 916 1562 baec
937 1474 1096 1563 TiberioM
1087 1517 1124 1562 ec
1099 1464 1257 1561 *iilente
1276 1494 1398 1580 magnis
1418 1494 1579 1583 utrimque
1601 1514 1678 1560 eun-

335 1609 527 1679 tentionibus
548 1618 632 1677 acta:
668 1608 724 1677 sed
745 1630 797 1677 res
818 1608 944 1677 dilatae.
991 1608 1075 1738 (36)
1078 1617 1112 1692 et
1133 1615 1293 1677 certamen
1316 1608 1405 1676 Galla
1427 1612 1579 1676 adversus
1601 1610 1680 1676 Gae-

298 1746 438 1799 quarem
461 1732 608 1792 exortum
631 1730 689 1790 est.
726 1744 799 1789 nam
820 1723 942 1791 censuit
962 1726 995 1790 in
1017 1696 1267 1865 pninq'iaenninm
1288 1722 1529 1808 magistratuum
1551 1721 1679 1788 comitia

333 1837 497 1916 habenda,
519 1844 616 1925 utque
638 1836 800 1921 legionum
821 1810 914 1924 legati
922 1810 1025 1924 'qni
1030 1840 1101 1904 'ante
1122 1843 1302 1924 praeturam
1324 1858 1363 1902 ea
1377 1834 1489 1902 militia
1504 1833 1679 1920 fungeban-

27 2002 62 2034 ,.
112 2020 139 2039 Μ
155 2018 167 2029 ,,
334 1963 403 2030 tur,
435 1953 498 2037 iam
520 1958 587 2017 tum
608 1956 772 2037 praetores
793 1954 1072 2093 destinarentur&
1082 1953 1230 2038 princeps
1251 1948 1419 2016 duedecim
1440 1948 1655 2018 candidatos'
1645 1970 1678 2015 m

161 2045 165 2056 .
229 2062 236 2073 ¹
799 2050 887 2093 e
876 2058 957 2133 1
951 2053 1022 2093 ω

387 2145 414 2197 i.
435 2140 502 2196 dri.
514 2140 635 2209 (sirm.
655 2139 842 2193 Gnusili-
859 2140 886 2193 s.
907 2140 996 2192 Habet
1013 2137 1167 2204 afuturum
1186 2153 1240 2193 nun
1260 2139 1328 2204 ιιι,
1346 2140 1441 2196 bb·
1407 2140 1615 2204 nt--seret
1630 2140 1677 2203 ii,

335 2218 432 2274 littter,
451 2215 630 2268 Doederlein:
649 2221 720 2265 et·-
709 2214 788 2278 ·{ers
806 2225 865 2263 eum
878 2212 933 2263 iae.
951 2211 1085 2264 (trenusio
1104 2214 1263 2265 etiirnestie
1275 2211 1307 2262 li.
1322 2210 1400 2274 (lude
1418 2211 1578 2264 alieroaidu
1592 2224 1681 2277 usqne

225 2324 228 2331 ,
335 2288 369 2339 ad
387 2286 517 2350 tiyeirium
537 2285 670 2338 edebant:
698 2284 829 2348 ιιιιιιιιι
853 2296 876 2333 ι.
895 2286 926 2333 ut
938 2306 949 2318 ·
962 2308 973 2319 -
985 2289 1112 2347 pussant·
1124 2308 1135 2321 -
1146 2286 1289 2335 mitem.-
1316 2283 1442 2333 dseerusn
1458 2296 1484 2333 r.
1500 2298 1531 2347 p.
1549 2281 1628 2348 sere.)
1644 2304 1679 2318 -

335 2358 361 2409 ι.
379 2360 427 2409 iul.
446 2357 495 2409 ld:
513 2357 553 2408 ill.
573 2357 604 2408 ii.
624 2382 655 2392 -
675 2356 798 2421 liquituia
814 2352 854 2404 bl.
875 2377 906 2391 -
925 2352 1049 2417 liumunt]
1067 2354 1100 2404 li.
1120 2354 1159 2406 ii.
1180 2380 1209 2392 -
1230 2353 1258 2405 7.
1283 2354 1363 2405 iiultu
1379 2353 1418 2406 it.
1436 2378 1472 2389 -
1495 2350 1530 2418 st]
1549 2362 1574 2405 at
1595 2357 1619 2405 ei
1638 2354 1678 2404 ll.

336 2429 456 2481 Correxit
472 2427 627 2479 Beroaldus.
645 2422 678 2489 (ei
690 2433 776 2478 ertum
793 2431 832 2476 est
844 2438 874 2475 er
886 2426 1064 2489 geminatione
1083 2430 1152 2488 pert.
1167 2432 1201 2476 st.
1223 2424 1360 2476 obstinata
1378 2426 1403 2476 ee·
1420 2427 1531 2477 reuruit
1547 2424 1677 2484 Wsiiber,

336 2501 471 2565 erpiieans
485 2496 618 2563 Caesari.)
636 2520 670 2535 -
688 2495 754 2563 adli.
766 2495 811 2548 n:
830 2492 889 2560 affl.
903 2493 936 2545 ii.
955 2518 988 2533 -
1006 2495 1033 2546 e.
1053 2497 1185 2561 utrimque
1200 2496 1245 2547 n:
1265 2498 1391 2560 utrinque
1401 2493 1433 2545 b.
1454 2521 1486 2533 -
1506 2496 1550 2547 12.
1568 2493 1682 2547 amsi.

332 2655 376 2707 ,Aa
390 2667 522 2721 personna
542 2654 659 2719 epreqius
683 2664 790 2716 sosque,
819 2650 866 2717 qus·
888 2650 990 2701 unietu-
1027 2662 1086 2713 espa
1112 2649 1249 2702 duudeetm
1275 2651 1432 2703 ωιιιιιιοι
1449 2677 1461 2690 ·
1478 2678 1490 2690 -
1515 2647 1677 2715 mutuaret]

335 2739 396 2788 dine
414 2736 603 2801 impediuntur,
621 2734 728 2784 domum
745 2732 817 2783 mitti
831 2736 936 2795 eportet
952 2730 991 2781 ad
1028 2730 1179 2793 Saparande
1196 2732 1264 2783 base
1282 2745 1297 2783 a
1316 2732 1537 2794 praecedentibus
1554 2740 1680 2799 utque·-

334 2819 490 2869 iuruudnm.
510 2814 585 2865 bins.
1027 2809 1241 2861 destinarentur.-
1271 2814 1330 2862 iure
1356 2826 1405 2863 suu
1438 2813 1571 2877 Ιιςιιιιιιιι
1600 2812 1679 2875 leuati

224 2906 311 2942 ...ιι
369 2898 414 2949 35.
433 2886 630 2960 ree-prointus]
659 2890 766 2948 dilatas.
795 2894 825 2941 ut
844 2893 885 2941 ert
902 2888 987 2949 inira;
1026 2895 1113 2949 (erant
1136 2892 1240 2942 circiter
1260 2889 1356 2957 xxii.)
1382 2900 1532 2955 praeturam
1557 2894 1679 2945 obtinere

231 2984 305 3013 ’Μ’
336 2991 388 3041 qua
408 2975 521 3028 iormula
538 2973 686 3024 indicentur
705 2970 787 3022 leriae
805 2982 892 3022 rernm
911 2982 990 3034 egen·
1027 2969 1208 3023 debebantur
1227 2968 1464 3032 Gallisenientia;
1492 2974 1540 3026 aed
1559 2974 1678 3026 deleetus

337 3060 430 3111 darum
452 3058 478 3107 in
504 3060 598 3108 senatu
617 3057 644 3104 et
662 3053 689 3101 in
707 3050 774 3102 lure.
805 3051 860 3102 cie.
880 3049 988 3102 bluren.
1028 3052 1097 3101 iuter
1123 3061 1168 3101 ens
1193 3062 1297 3103 annuus
1324 3064 1407 3115 penes
1432 3054 1579 3117 principem
1602 3058 1678 3114 erat3

337 3138 381 3190 13.
396 3138 428 3187 sd
442 3138 497 3185 Αιι.
514 3134 564 3193 ii,
585 3134 611 3184 5.
624 3130 658 3182 ad
672 3130 725 3192 Qu.
738 3132 781 3181 Fr.
800 3130 832 3193 ι,
851 3129 877 3180 e.
896 3130 988 3181 bonu.
1027 3132 1075 3192 iis,
1104 3142 1172 3194 ques
1199 3143 1232 3183 aa
1256 3144 1286 3183 ar
1311 3144 1424 3184 numere
1451 3134 1592 3199 delegisset
1609 3133 1680 3185 arbi·

336 3242 370 3256 -
383 3216 489 3267 absente
502 3208 636 3276 principa]
657 3210 764 3262 Seiiieet
781 3208 950 3263 simulaverat
961 3223 990 3261 se
1027 3215 1096 3261 tratn
1119 3222 1168 3261 sno
1192 3210 1258 3261 alies
1275 3209 1373 3263 addere
1392 3218 1496 3276 putarat
1515 3214 1680 3275 candidatos,

336 3297 490 3351 alutururu,
510 3292 543 3342 de
563 3304 616 3353 qun
634 3290 736 3342 'liberii
756 3288 871 3340 ludibrio
890 3287 938 3339 ιιι.
953 3289 988 3349 ι,
1027 3295 1058 3340 ιι
1075 3301 1123 3352 per
1140 3302 1169 3342 se
1187 3290 1356 3355 intelligitur.
1377 3295 1435 3346 sine
1453 3295 1560 3357 repulsa
1578 3300 1606 3346 ei
1623 3306 1680 3346 anr-

336 3378 364 3427 4.
384 3376 460 3428 Suet.
475 3371 536 3422 Tib.
550 3371 594 3422 38.
613 3392 647 3407 -
666 3364 882 3434 equiisalburum
899 3370 989 3420 munia
1027 3367 1084 3420 bitu
1102 3371 1278 3434 designandos
1305 3368 1375 3434 (bib.
1396 3375 1429 3435 i,
1449 3371 1507 3439 lb.)
1534 3387 1620 3439 usqne
1645 3374 1680 3426 ad

337 3463 401 3509 aunt
421 3454 530 3505 iudicia.
546 3474 575 3487 -·
599 3454 753 3501 renuentum
766 3446 872 3515 ltuiiue]
890 3450 990 3501 rarissi-
1028 3461 1168 3501 nnmerum
1194 3450 1387 3505 duodenarium
1411 3456 1439 3505 in
1465 3455 1581 3519 singulos
1600 3456 1680 3507 buius

336 3550 410 3588 mum
418 3534 470 3586 boe
479 3547 505 3584 r.
518 3530 550 3583 de
561 3528 647 3589 ltalia,
658 3527 782 3592 ireqnena
792 3529 825 3579 de
835 3532 988 3592 prurineiiu·
1030 3532 1207 3594 quinquennii
1226 3544 1320 3584 annus·
1343 3533 1429 3596 Rem,
1447 3537 1497 3586 nisi
1517 3534 1605 3597 latior,
1632 3534 1681 3586 ub·

261 3668 281 3684 ,1
337 3614 467 3683 signifieat
485 3612 605 3663 bumines
623 3608 717 3673 italus,
746 3611 794 3671 qui
820 3610 906 3660 litium
925 3610 991 3661 aiio-
1026 3612 1142 3663 seurarit
1164 3611 1251 3664 Ritter
1272 3613 1339 3665 base
1362 3614 1508 3667 adnatans:
1539 3615 1583 3666 esi
1606 3620 1681 3677 prin·

337 3708 429 3749 rumve
448 3696 612 3756 negotiorum
631 3687 815 3751 publicorum,
842 3689 922 3741 vetuti
941 3702 990 3741 re·
1028 3702 1091 3752 ceps
1114 3694 1257 3752 quotannis
1283 3708 1314 3746 er
1340 3693 1472 3759 ieqionum
1498 3695 1589 3760 legatis
1611 3694 1676 3744 xii.

338 3767 990 3841 etigriinmeunducendurum,seripturaepastie·
1028 3775 1169 3833 praeturae
1194 3771 1350 3825 candidatus
1374 3776 1542 3837 nominaret,
1568 3780 1629 3839 pust
1646 3773 1680 3826 V.

337 3860 379 3909 nia
397 3859 424 3906 in
443 3866 505 3919 agro
524 3848 630 3913 publiea
648 3848 831 3901 euniieieudae
850 3854 919 3912 cst,
937 3849 991 3900 liu·
1027 3861 1157 3902 annerum
1181 3851 1273 3904 urbem
1291 3852 1349 3906 tx.
1369 3863 1463 3920 arant,
1491 3858 1562 3907 unde
1589 3857 1617 3906 in
1636 3866 1682 3907 eu·

336 3948 407 3989 marn
426 3947 454 3986 se
473 3928 594 3983 eonlerre
613 3927 757 3980 debebam.
1027 3933 1107 3983 mitiis
1139 3930 1173 3983 ad
1204 3937 1292 3995 patres
1324 3934 1456 3988 translatis
1485 3941 1622 3999 praetores
1651 3936 1682 3986 in

152 4048 207 4087 ua.
372 4014 416 4065 tt.
438 4016 468 4065 ιι
485 4004 703 4076 quinquennum]
722 4008 802 4059 sicuti
822 4006 920 4061 teneret
936 4008 990 4060 lam
1028 4012 1244 4075 quinquennium
1280 4021 1459 4067 sumerentur.
1506 4014 1681 4068 Praetoribus

336 4096 420 4147 Iulius
439 4091 545 4144 Caesar.
572 4088 647 4140 Suet.
674 4086 728 4138 ini.
740 4088 785 4140 iii.
815 4088 991 4157 linques-utus
1028 4096 1117 4142 autem
1131 4090 1164 4142 ad
1177 4094 1325 4155 provincias
1338 4093 1482 4147 Caesarum
1494 4094 1683 4148 administran-

336 4178 366 4228 ιιι
381 4174 470 4239 piures
488 4181 574 4223 nunes
592 4168 736 4221 ordinauit.
763 4168 931 4233 Appianis.
958 4169 988 4221 G·
1028 4171 1075 4222 das
1102 4183 1168 4234 opus
1196 4178 1254 4223 erat
1279 4175 1461 4227 tantummodo
1487 4174 1621 4228 stroxit.
1641 4175 1681 4239 (b,

336 4257 371 4316 b,
399 4252 460 4305 ιιι.
507 4249 597 4312 Quid,
630 4249 703 4312 quud
732 4249 854 4302 Vitellius
881 4252 991 4302 romulu
1029 4248 1086 4315 ll.)
1103 4252 1159 4303 sire
1176 4249 1248 4303 xvi.
1268 4250 1461 4320 (blumio-l
1497 4254 1581 4308 llerte
1600 4256 1682 4319 igitur

335 4338 366 4387 tn
383 4336 417 4385 X.
436 4343 523 4384 annas
544 4330 700 4381 ordinauit?
720 4329 767 4380 sed
786 4328 892 4383 trustra.
913 4331 988 4383 Suet.
1028 4330 1115 4393 paulin
1135 4336 1196 4393 pust
1213 4331 1277 4383 dicit
1294 4331 1436 4387 Tiberiur:
1457 4332 1542 4389 (lrara
1560 4336 1683 4387 medera-

336 4416 392 4466 vu.
404 4414 447 4464 ii.
467 4436 500 4449 -
520 4409 611 4461 Gaiius
624 4415 672 4461 ιιι
683 4408 830 4461 remedium
844 4410 991 4475 quaerebat
1027 4413 1092 4463 ttoni
1115 4425 1180 4464 auae
1198 4417 1239 4464 tut
1256 4414 1354 4479 eligere
1378 4416 1496 4480 (idest,
1526 4417 1681 4469 eaudldetus

337 4496 463 4548 adsersus
482 4492 568 4542 omnis
586 4494 689 4554 generis
707 4490 851 4552 ambitum,
878 4497 925 4543 aut
943 4505 990 4555 pu·
1026 4490 1188 4557 nominare),
1201 4498 1241 4543 tet
1252 4493 1368 4561 diffmu
1386 4495 1453 4548 Nam
1469 4499 1491 4549 si
1504 4509 1535 4550 aa
1547 4495 1603 4547 LX.
1620 4510 1682 4548 ean·

337 4577 389 4627 tius
408 4571 564 4624 adulaturus
583 4570 691 4622 Tiberin
709 4569 761 4621 boe
779 4575 804 4623 ei
816 4577 918 4636 matum
931 4571 988 4625 lere
1027 4571 1123 4624 didatis
1135 4572 1198 4624 xli.
1218 4574 1258 4627 rei
1271 4574 1343 4627 xvi.
1363 4578 1390 4627 in
1407 4579 1621 4642 quinquennia·
1635 4575 1683 4629 ‹ie-

338 4654 505 4719 upinabatnr.
521 4677 550 4690 -
572 4650 704 4715 lapideum
722 4648 815 4715 teperti]
836 4652 921 4715 Saepe
934 4665 989 4704 rne-
1025 4655 1207 4718 signarentur,
1221 4656 1380 4709 ceteriuitra
1393 4660 1605 4722 quinquennium
1620 4670 1683 4721 pru·

336 4738 475 4786 murentur
500 4734 527 4781 iu
553 4729 652 4782 Insere.
681 4741 787 4793 semper
816 4732 866 4783 boe
895 4734 988 4785 ordine
1024 4733 1134 4786 iieieudi
1154 4740 1237 4786 erant.
1280 4735 1385 4799 Quare
1404 4750 1463 4790 eum
1482 4740 1682 4802 principantis

336 4807 675 4867 insanientium.
708 4810 742 4861 V.
762 4811 859 4864 Marini
876 4812 990 4865 Frutetii
1026 4814 1216 4866 distribuendis
1249 4818 1392 4878 provintiis
1427 4818 1533 4872 iteeatia
1564 4820 1681 4871 multum

337 4893 431 4947 Asentt
449 4905 476 4954 p.
488 4891 531 4941 iii.
548 4888 610 4940 754.
629 4888 691 4940 8⁰¹1.
711 4896 762 4942 eet.
777 4914 809 4927 -
828 4892 988 4946 Heeautem
1026 4900 1209 4955 enumeratur.
1239 4897 1279 4949 ris
1296 4897 1376 4950 simui
1395 4899 1501 4962 imperii
1518 4900 1681 4966 turringahe-

336 4978 416 5037 eaput
442 4970 583 5023 inseruisse
609 4968 715 5022 ridetur
738 4967 843 5031 (tatius,
873 4975 935 5036 quia
957 4987 988 5027 er
1026 4982 1099 5027 tur.»
1141 4974 1249 5041 «begali
1274 4977 1426 5043 legionum,
1453 4986 1525 5045 qesta
1544 4988 1680 5046 praetura,

335 5054 431 5108 borum
450 5053 592 5114 praecipua
610 5060 722 5101 numeru
741 5051 888 5115 aprineipe
904 5057 988 5105 numi·
1026 5054 1231 5121 appellabantur
1256 5056 1337 5124 leuati
1359 5060 1527 5120 enumeres:
1559 5063 1681 5116 nundum

335 5134 395 5189 nari
410 5135 543 5196 praetores
556 5128 670 5189 trieben
685 5141 747 5180 nam
762 5130 882 5195 alioquin
895 5145 987 5185 earnm
1026 5141 1116 5202 gesta,
1143 5136 1228 5200 ιιιιιι
1242 5140 1391 5201 praetorii:
1419 5141 1494 5194 iinitu
1513 5155 1625 5195 munere
1644 5141 1682 5196 is·

335 5216 448 5285 greum
471 5217 576 5273 captare
601 5209 665 5275 quid
688 5209 835 5263 attinebat?
855 5236 885 5251 ·-
910 5218 987 5278 prie-
1026 5218 1139 5284 gatiunis
1165 5218 1194 5270 iu
1211 5217 1305 5274 urbem
1329 5218 1460 5289 retineas.
1489 5229 1565 5278 eraut
1589 5223 1682 5278 eandi-
