3734 5917
300 457 353 517 111

298 610 523 681 admirabilem
537 610 693 681 codicem
708 610 787 683 diuit
802 611 1001 681 Hoisteniua
1014 610 1047 677 in
1062 608 1196 679 mtrem·
1208 610 1295 678 nisa
1321 610 1362 678 ln
1376 610 1539 698 aduenio
1553 608 1639 679 haee

297 725 423 814 iegitur
443 728 576 793 notula:
601 726 671 793 «De
684 725 802 794 XXii.
821 728 930 793 banau
953 743 996 791 ex
1011 729 1108 810 parte
1121 724 1315 793 occidentia.
1348 718 1522 793 cornelius
1535 722 1639 791 'iaci-

298 840 409 905 iuuet
432 835 546 925 Opera
566 839 701 927 Apulei!
723 842 787 905 eei.
818 839 1015 906 Conventus
1035 834 1074 904 S.
1096 836 1205 905 Marei
1234 836 1276 903 de
1301 836 1473 904 Fiorentia
1493 834 1630 905 iirdinis

297 946 570 1019 Praedicatorum
592 951 635 1018 de
656 950 842 1019 hereditate
856 950 985 1017 Nieoiat
1001 948 1109 1017 Nieoii
1130 950 1315 1018 Fiorentini
1336 952 1401 1017 viri
1422 949 1629 1019 doctissima·

384 1063 526 1132 Constat
560 1065 651 1132 initia
683 1065 818 1153 scriptia
851 1059 970 1133 CXCI.
1025 1065 1067 1133 in
1098 1059 1206 1134 Catai.
1239 1064 1428 1135 Montiauo.
1458 1065 1521 1133 auio
1553 1083 1631 1135 num

299 1174 512 1252 xxv111.¹)

679 1376 874 1443 Consanus
896 1374 1055 1443 Taurus·
1099 1378 1181 1444 Coa.
1202 1376 1262 1445 1v.

386 1512 503 1585 Codex
525 1522 578 1585 est
599 1516 868 1607 anepigraphus‚
889 1515 949 1583 sed
972 1521 1122 1585 eontinet
1137 1515 1282 1586 Corneiii
1296 1517 1405 1585 'inciti
1418 1518 1639 1587 Historiarum

301 1632 344 1699 ait
366 1648 509 1698 exeessu
530 1631 608 1697 Divi
632 1630 779 1720 Augusti
809 1630 914 1695 libros
936 1630 1033 1697 viti.
1067 1632 1110 1699 ab
1137 1632 1309 1701 undecimo
1337 1651 1443 1720 usque
1470 1631 1514 1698 ad
1536 1637 1640 1699 totum

301 1742 461 1812 decimum
483 1746 655 1827 octavum,
677 1746 712 1807 ut
734 1744 767 1807 in
791 1762 866 1808 mox
887 1744 1056 1809 recensita
1079 1742 1225 1811 editione
1244 1745 1406 1811 Romana.
1419 1740 1443 1825 ²]
1485 1746 1527 1812 Iu
1548 1746 1641 1815 eaiee

299 1858 375 1926 iibri
397 1855 492 1925 XVL
513 1859 547 1923 in
569 1856 718 1945 margine
739 1855 932 1923 adnotatum
955 1859 1028 1923 est:
1053 1856 1126 1925 «nto
1146 1860 1319 1945 plurimum
1340 1857 1478 1927 detuit·

384 1969 500 2038 Codex
523 1971 791 2037 membranaceus
811 1968 880 2035 Ms.
900 1972 934 2034 in
950 1969 987 2036 4.
1008 1972 1133 2037 minore
1151 1968 1229 2038 See.
1243 1970 1337 2056 XV.,
1359 1973 1454 2040 euius
1475 1975 1643 2058 postrema

302 2080 415 2151 deeem
448 2082 530 2149 ioiia
561 2083 627 2148 uiia
659 2100 757 2149 manu
787 2082 942 2168 suppleta
975 2088 1065 2148 sunt.
1119 2079 1380 2153 commotores
1411 2086 1547 2173 scriptis
1568 2081 1643 2154 cit

302 2193 344 2263 lm
365 2190 475 2265 caiti·
498 2195 686 2265 Moniiauu.
707 2196 769 2261 sub
792 2214 877 2261 num.
897 2193 1048 2265 xxvii.

692 2390 886 2463 Cunnaurur
908 2394 1068 2461 Taurus.
1110 2390 1191 2463 coo.
1212 2395 1254 2462 V.

385 2532 530 2605 Cornelii
553 2536 660 2605 'i'ueiti
683 2536 905 2603 Historiarum
937 2539 979 2603 ai)
1008 2554 1151 2604 excessu
1172 2536 1250 2603 iiiut
1274 2536 1421 2628 Augusti
1443 2537 1518 2603 iibri
1540 2536 1602 2603 ΧΙ.
1623 2555 1644 2604 a

300 2652 490 2741 fragmento
517 2650 647 2717 scilieet
674 2650 748 2715 libri
776 2650 938 2719 undecimi
960 2651 1130 2737 usquead
1152 2654 1256 2717 tutum
1278 2652 1474 2741 vigesimum
1497 2652 1643 2738 primum,

300 2768 338 2830 ui
352 2764 386 2830 in
402 2765 505 2830 eiiata
521 2761 666 2829 editione
684 2761 848 2829 Romana.
894 2764 933 2828 in
950 2764 1013 2829 fine
1028 2768 1212 2851 sequuntur
1227 2762 1386 2850 quaedam
1402 2764 1644 2855 anepigrnuha,

302 2896 437 2966 quorum
460 2877 585 2943 initium
609 2878 679 2942 est:
710 2874 922 2943 diducimus
945 2877 1094 2944 miiitiae
1114 2879 1201 2960 cet,
1235 2896 1385 2965 quaeque
1408 2879 1577 2963 pertinent
1601 2877 1644 2944 ud

300 2992 418 3058 librum
435 2989 493 3056 Ν.
517 2987 662 3055 eiusdem
685 2988 793 3055 'l'aeiti
808 2990 1029 3056 Historiarum
1050 2991 1093 3055 ab
1115 3008 1255 3057 excessu
1273 2990 1436 3075 Neronis,
1457 2994 1494 3055 ut
1509 2992 1544 3055 in
1557 2990 1641 3058 cad·

302 3100 432 3170 XXIV.
464 3101 515 3169 ΡΙ.
545 3100 672 3169 mxlii.
701 3120 805 3188 supra
832 3122 909 3193 pag.
939 3097 1030 3169 696.
1053 3097 1089 3185 S.
1111 3103 1155 3169 ii.
1211 3104 1293 3169 'ium
1325 3103 1436 3169 rubria
1467 3104 1644 3171 maioribus

302 3217 424 3285 litteris
444 3217 590 3307 legitur:
615 3211 799 3282 Gonnmarr
823 3214 959 3281 iditum
982 3215 1104 3283 Lmen
1125 3212 1234 3281 XXI.
1261 3236 1448 3282 nxnnrorr.

387 3326 504 3397 Codex
519 3330 788 3396 membranaceus
801 3328 870 3395 Ms.
885 3332 918 3394 in
932 3330 968 3395 4.
983 3326 1060 3397 See.
1075 3328 1153 3395 XV.
1169 3328 1401 3413 nitidissimus,
1423 3347 1495 3397 oum
1512 3330 1645 3416 pictura

303 3445 337 3511 in
367 3443 549 3530 principio,
580 3445 728 3507 auctoris
759 3442 871 3531 eiiigie
903 3443 937 3507 in
969 3442 1082 3509 iittera
1103 3444 1237 3528 initiuii,
1274 3441 1430 3510 Mediaeo
1451 3446 1644 3524 stemmata,

303 3556 392 3645 quod
414 3557 494 3621 aiati
518 3556 675 3641 quattuor
697 3556 825 3639 pueruli
848 3559 1054 3642 sustentant,
1090 3560 1123 3623 et
1151 3557 1334 3623 initialibus
1354 3555 1466 3623 itidem
1487 3557 1644 3624 iibrorum

305 3672 444 3738 omnium
467 3668 626 3737 coloratis
648 3668 682 3734 et
703 3669 839 3733 auratis
882 3666 1025 3735 Constat
1047 3670 1137 3735 foiiis
1158 3671 1294 3757 scriptis
1308 3668 1470 3737 CCXLV.
1504 3670 1544 3736 In
1573 3665 1644 3737 Ca·

254 3874 260 3886 .
303 3782 420 3875 talogo
443 3781 677 3850 Moottoooon.
697 3782 760 3846 sub
781 3798 867 3847 num.
889 3778 1018 3847 XXVI.

302 3940 531 3955 β

304 4052 426 4105 eximiam
453 4045 635 4101 dtifleuitatem
663 4042 852 4109 resisterunt,
890 4041 982 4095 Godtoi
1008 4043 1131 4099 iiedteao
1158 4043 1286 4098 ieetiuaat
1314 4043 1493 4098 trtiuareatur
1520 4044 1555 4097 ab
1586 4048 1665 4111 iuro¹

305 4152 413 4206 prorsus
430 4138 542 4192 aiiauae.
579 4136 661 4187 lintr.

373 4236 403 4301 i)
430 4235 471 4288 id
489 4236 611 4288 Taeitum
637 4236 757 4299 primitur
783 4232 951 4296 pertinebant
968 4232 1029 4285 ioiiu
1047 4233 1101 4286 GV.
1121 4236 1148 4285 iu
1166 4234 1212 4285 iot.
1232 4235 1347 4294 maiora.
1375 4245 1446 4285 uuae
1462 4232 1645 4287 tautummodo

305 4326 397 4387 ciii-3
416 4333 478 4379 suut
495 4333 583 4379 autem
598 4324 718 4387 uiaguiaa
730 4322 823 4383 Xiii..
844 4330 871 4373 at
889 4328 998 4385 quartae
1018 4324 1137 4378 decimae
1155 4324 1208 4377 duo
1226 4337 1298 4377 aune
1315 4324 1392 4383 iuiia;
1412 4324 1515 4389 uturuis
1527 4324 1645 4377 reeuuda

304 4430 352 4481 pro
371 4423 430 4469 ueto
449 4416 516 4469 ioitir
536 4426 589 4467 uua
607 4412 687 4467 habat
699 4413 748 4463 uisi
773 4416 891 4475 reptemz
912 4411 987 4463 deest
1008 4426 1070 4465 raro
1091 4417 1250 4478 septimum,
1270 4414 1461 4477 protantium,
1494 4417 1556 4479 auia
1581 4417 1645 4467 reri·

305 4514 366 4573 utor
389 4505 512 4557 iibrartut
530 4518 561 4558 aa
579 4502 730 4555 membrana
749 4504 787 4553 att
818 4513 870 4552 uun
899 4506 1020 4563 poteram
1050 4503 1169 4556 detectus
1197 4508 1268 4556 euim
1299 4504 1336 4556 itti
1365 4504 1451 4557 mutius
1480 4512 1530 4565 ert:
1554 4518 1644 4561 eontra

306 4600 332 4649 ta
352 4604 443 4651 oetara
462 4595 563 4660 etagota
583 4606 653 4645 ouuo
671 4592 768 4645 dosunt
785 4590 846 4643 ioitu
865 4594 972 4643 tertium
991 4598 1018 4643 et
1035 4599 1156 4655 tartum,
1183 4608 1252 4658 oure
1269 4596 1395 4645 eootiuua
1413 4594 1526 4647 iueruut.
1562 4596 1643 4648 Primi

306 4686 361 4740 tuiti
381 4688 463 4749 prima
481 4687 576 4749 pagiua
593 4695 675 4735 raeua
695 4687 752 4740 est;
777 4679 867 4731 uitimu
885 4687 974 4731 auteur
994 4682 1087 4745 uagina
1106 4684 1225 4747 pinguiae
1243 4692 1333 4736 sertae
1351 4684 1422 4735 haud
1443 4697 1547 4748 promus
1566 4699 1644 4750 uuar-

306 4784 360 4831 iatu
377 4778 418 4827 tui
438 4781 538 4839 partam
557 4772 666 4837 impiet,
695 4773 820 4836 quoniam
846 4770 953 4836 quidem
984 4779 1111 4834 quantum
1129 4785 1200 4824 aune
1219 4778 1302 4826 aratat
1318 4774 1460 4827 Aumatium
1479 4777 1517 4829 ibt
1536 4777 1641 4828 desiuit.

306 4868 401 4921 itidem
420 4864 511 4917 uitima
531 4864 648 4929 uirgatae
667 4868 776 4927 quaeue
796 4861 914 4913 decimae
934 4865 1047 4927 pagiua.
1068 4876 1136 4928 auae
1155 4863 1188 4913 ad
1201 4862 1323 4913 Taetturu
1342 4866 1467 4927 uertiuat,
1486 4866 1555 4918 iraud
1570 4878 1642 4928 uror·

306 4970 350 5011 tus
377 4962 430 5009 trau
459 4961 544 5017 uartm
574 4953 677 5016 tmotat.
715 4952 814 5005 omues
840 4959 929 5005 autam
957 4956 1066 5017 uaginae
1086 4964 1133 5015 uer
1157 4952 1231 5004 trium
1258 4951 1393 5006 autumnat
1411 4952 1637 5008 usedomi..

306 5047 386 5101 modo
403 5044 553 5097 mviii.
573 5056 697 5098 remuum
716 5042 880 5105 conscriptae
900 5048 971 5093 auat.
1001 5042 1083 5093 Uarr.

376 5140 403 5211 a)
421 5142 530 5198 soiitoat
546 5144 628 5199 aditio
645 5140 802 5196 Bareuidiua
821 5140 953 5193 iirudtaio
971 5147 1011 5195 ert
1026 5140 1097 5195 etot.
1116 5138 1237 5194 miii.
1254 5137 1320 5193 Coti.
1340 5139 1391 5192 111.
