3734 5917
577 548 696 612 arana
715 547 770 611 v1.
814 543 891 632 cap.
914 545 967 611 ao.
991 546 1043 611 si.
1067 545 1118 612 aa.
1446 546 1509 611 aar

186 706 312 774 inmelia
342 713 374 774 et
402 708 505 774 missis
525 706 579 793 qai
608 727 713 791 guam
742 711 912 774 avocone
939 705 1080 774 relictam
1102 707 1136 771 in
1158 703 1248 795 Syria
1269 704 1438 791 Ciliciaque
1459 724 1512 772 rc-

185 828 369 908 poscerent;
391 819 484 886 simul
504 828 627 886 veteres
648 821 812 884 Persarum
833 841 870 884 aa
890 818 1098 886 Macedonum
1118 821 1284 900 terminos,
1306 839 1404 905 aeque
1424 819 1512 884 inva-

187 953 293 998 surum
324 952 469 1019 possessa
500 936 581 1020 Cyro
613 938 646 996 et
676 945 748 1015 post
776 932 954 998 Alexandro
982 953 1039 1020 per
1064 931 1327 1020 vaniloquentiam
1354 953 1391 996 ac
1413 931 1512 996 minas

186 1047 336 1120 iaciehat,
368 1047 424 1110 sed
450 1046 570 1110 Parthia
595 1043 736 1109 mittendi
764 1052 902 1110 secretos
929 1046 1054 1112 nuntios
1084 1046 1289 1113 validissimus
1318 1053 1427 1110 auctor
1453 1043 1514 1109 iuis

187 1159 352 1233 Sinnaces,
381 1157 497 1242 insigni
523 1155 642 1222 familia
666 1176 702 1220 ac
726 1155 857 1239 perinde
886 1155 1017 1244 opibus,
1047 1166 1079 1224 et
1104 1161 1268 1242 proximus
1296 1157 1368 1224 huic
1388 1154 1535 1231 ibium

188 1273 351 1357 ademptae
373 1267 540 1334 virilitatis.
589 1290 653 1334 non
675 1271 855 1352 despectum
882 1269 915 1336 id
943 1269 1026 1354 apud
1047 1269 1213 1347 barbaros,
1236 1269 1382 1356 ultroque
1402 1278 1514 1355 poten·

189 1385 263 1448 tiam
290 1384 397 1451 hahet
438 1381 462 1446 ii
484 1379 608 1448 adscitis
635 1389 667 1445 et
687 1379 755 1447 aliis
777 1380 979 1467 primoribus,
1001 1383 1075 1471 quia
1096 1387 1252 1450 neminem
1275 1386 1374 1470 gentis
1394 1386 1515 1449 Arsaci·

190 1499 300 1562 darum
328 1515 468 1560 summac
496 1497 545 1560 rei
572 1496 725 1577 inponere
745 1502 903 1580 poteram,
927 1497 1095 1562 interiectis
1117 1495 1156 1562 ah
1177 1494 1335 1563 Artabano
1356 1495 1516 1582 plerisque

190 1617 244 1673 eut
256 1606 395 1674 nondum
408 1607 538 1686 adultis,
555 1611 730 1676 Phrahaien
746 1609 828 1695 regis
848 1610 1009 1674 Phrahaiis
1022 1609 1121 1675 lilium
1136 1612 1234 1676 lioma
1247 1611 1438 1693 poscebant:
1460 1629 1517 1673 no-

190 1720 274 1788 mine
295 1730 412 1786 mnium
433 1729 465 1786 ei
484 1729 612 1788 auctore
633 1743 730 1806 opus,
744 1731 780 1787 ut
800 1729 913 1808 sponte
929 1720 1083 1799 Caesaris,
1097 1729 1132 1788 ut
1153 1740 1250 1807 genus
1271 1723 1395 1788 Arsacis
1415 1721 1554 1805 ripamao

190 1835 275 1917 apud
294 1833 460 1917 Euphratis
482 1843 675 1900 cerneretur.
712 1837 851 1918 cupitum
871 1837 904 1899 id
925 1836 1065 1901 Tiberio.
1082 1837 1148 1914 (32)
1171 1842 1262 1901 ornat
1275 1837 1451 1901 Phralraien
1467 1854 1518 1900 ac-

194 1949 352 2032 cingitque
373 1956 536 2033 paternum
558 1945 599 2014 ad
620 1947 792 2032 fastigium,
813 1949 968 2012 destinata
986 1948 1144 2025 retinens,
1168 1947 1305 2014 consiliis
1326 1956 1358 2014 et
1378 1955 1446 2014 astu
1465 1967 1518 2014 res

194 2067 341 2126 externas
361 2059 485 2136 moliri,
506 2081 594 2125 arma
614 2062 724 2146 procul
745 2057 873 2125 hahere.
909 2058 1030 2126 interea
1050 2061 1182 2145 cognitis
1204 2059 1325 2127 insidiis
1344 2062 1519 2127 Artabanus

193 2171 310 2238 tardari
330 2182 434 2249 mua,
450 2175 547 2238 modo
566 2172 711 2258 cupidine
725 2171 879 2239 vindictae
899 2171 1111 2240 inardescere.
1148 2180 1180 2240 et
1200 2175 1343 2240 harbaris
1365 2177 1519 2240 cunctatio

195 2285 331 2361 servilis,
354 2287 456 2351 statim
486 2285 616 2371 exsequi
637 2285 757 2370 regium
778 2287 912 2356 videtur.
949 2285 1045 2352 valuit
1066 2294 1169 2352 tamen
1190 2285 1319 2362 utilitas,
1341 2295 1377 2354 ut
1397 2289 1557 2353 Abdumrs

195 2397 300 2485 specie
320 2397 475 2464 amicitiae
495 2404 640 2463 vocaturn
661 2396 699 2462 ad
721 2398 828 2485 epulas
848 2401 933 2464 lenio
954 2418 1076 2465 veneno
1096 2398 1258 2485 inligaret,
1283 2401 1437 2466 Sinnacen
1459 2399 1521 2465 dis·

196 2509 393 2576 simulatione
419 2533 455 2577 ac
483 2509 591 2588 donis,
621 2509 713 2576 simul
741 2531 798 2597 per
819 2513 945 2597 negotia
967 2520 1153 2579 moraretur.
1192 2518 1224 2578 et
1245 2512 1414 2580 Phrahates
1436 2509 1520 2598 apud

197 2623 318 2709 Syriam
344 2627 419 2689 dum
448 2622 564 2689 orniaso
593 2622 678 2690 cultu
697 2627 854 2702 Romano,
881 2626 932 2691 cni
953 2645 1011 2712 per
1032 2633 1078 2691 iot
1099 2645 1197 2692 annos
1218 2623 1411 2704 insueverat,
1435 2625 1522 2693 iusti·

267 2825 295 2875 1.
312 2821 393 2888 Suria
408 2825 437 2875 h.
457 2825 474 2876 i.
493 2825 537 2876 ii:
556 2823 638 2874 Sutia
656 2824 686 2875 B.
709 2849 737 2862 -
757 2825 869 2888 οίίίοηυσ
884 2823 924 2878 ii.
946 2851 974 2864 -
992 2825 1019 2876 ³.
1037 2827 1110 2890 icpco
1126 2824 1172 2886 ii,
1193 2828 1220 2877 iar
1239 2837 1294 2890 qao
1310 2825 1416 2878 Baitero
1435 2826 1524 2878 iudice

197 2894 258 2946 tort.
279 2895 342 2947 latet
356 2897 473 2959 ηιίιιιιιιιι
489 2896 567 2960 cyro.
596 2917 626 2930 -
651 2895 676 2943 8.
697 2897 753 2956 top·
779 2895 822 2947 ti:
841 2898 903 2958 torp.
923 2895 956 2946 a.
984 2921 1013 2934 -
1040 2902 1138 2948 ortano
1156 2897 1192 2948 ii.
1212 2921 1246 2932 -
1263 2899 1289 2948 it.
1306 2897 1439 2961 phraates
1456 2899 1526 2962 repis

195 2966 316 3029 phroats's
328 2965 366 3017 ti.
387 2986 419 2998 -
438 2968 479 3018 io.
500 2978 606 3015 arsaces
617 2965 656 3016 ii.
676 2987 706 3004 -
719 2968 761 3016 ii.
781 2965 898 3016 suhitam
913 2965 951 3017 ii.
973 2991 1002 3004 ·-
1017 2966 1059 3018 12.
1079 2975 1159 3018 αιαίιι
1175 2967 1213 3019 ii.
1234 2992 1265 3006 -
1279 2967 1323 3018 15.
1337 2970 1427 3030 sesam
1439 2968 1475 3018 ti.
1494 2991 1523 3006 -

198 3035 241 3088 io.
261 3037 340 3100 apetie
356 3035 394 3090 ii.
414 3061 445 3074 —
463 3035 511 3086 sat.
530 3035 574 3087 ii:
595 3035 634 3086 ίίί.
653 3035 685 3084 Β.
703 3061 737 3070 -
756 3035 799 3086 ii.
815 3036 943 3100 phraates
960 3036 998 3088 ii.
1015 3037 1264 3101 -1s.sprtamo.
1278 3037 1355 3091 iiis
1373 3037 1481 3090 Suriam
1493 3037 1525 3090 B.

197 3217 332 3280 temeror]
348 3217 405 3270 scii.
420 3230 490 3271 anon
500 3220 559 3272 sine
573 3219 713 3271 iactatione
725 3218 775 3269 sihi
788 3220 844 3269 rin·
881 3213 900 3273 ὁ
930 3216 1065 3294 Φραάτης
1086 3243 1099 3257 ·
1121 3243 1134 3257 ·
1154 3219 1282 3284 καλέσας
1310 3220 1353 3284 είς
1383 3216 1528 3287 σύλλογον

198 3299 341 3363 dicahai,r
359 3299 386 3350 id
405 3300 477 3362 qaod
494 3299 654 3352 eliciendam
674 3313 704 3350 er
722 3311 799 3363 seqq·
811 3321 843 3336 ··
883 3303 993 3359 Τίτιον,
1012 3296 1067 3353 τὸν
1083 3297 1297 3352 ἐπιστατοῦντα
1320 3297 1389 3352 τότε
1406 3297 1459 3364 τῆς
1475 3299 1528 3351 Συ-

194 3380 305 3442 pestade
321 3376 423 3443 apthas]
443 3382 560 3444 insignis.
582 3379 694 3442 Quintil.
712 3379 740 3439 8,
751 3378 781 3440 a,
793 3378 844 3429 θυι
883 3381 963 3453 piac,
986 3379 1126 3451 τέτταρας
1147 3376 1252 3444 παῖδας
1268 3379 1409 3446 γνησίους
1425 3377 1529 3441 dccxci·

197 3457 322 3510 Brevitas
338 3464 377 3509 eet
392 3458 584 3522 pulcherrima,
610 3473 668 3510 esea
681 3459 763 3522 picra
779 3471 846 3521 pass·
883 3473 973 3529 ρησιν
988 3453 1089 3530 ὅμηρα
1111 3453 1209 3525 αὐτῷ,
1233 3453 1461 3529 Σιρασταδάνην
1479 3457 1530 3508 καί

198 3539 443 3600 οίιοσιιιρίιιίίίυι.
461 3539 726 3603 recusassem.-
744 3539 848 3592 ditthct·
881 3533 1054 3604 Ῥωδάσιιην
1077 3538 1128 3589 καί
1150 3534 1287 3608 Φραάτην
1313 3534 1364 3585 καί
1390 3531 1530 3602 Βουάνην

199 3619 273 3670 dotes
299 3631 407 3681 corpore
430 3619 542 3684 ίσηυιιίί,
575 3617 685 3680 perinde
713 3626 845 3670 amotus.
884 3619 936 3668 sal
952 3622 1094 3683 γυναῖκας
1111 3613 1223 3670 τούτων
1240 3610 1295 3666 δύο
1313 3613 1364 3665 καί
1380 3613 1452 3677 vitia
1471 3615 1531 3665 τέτ.

200 3698 258 3749 Hoc
272 3698 343 3748 esaie
358 3699 492 3749 tmttoatss
509 3698 802 3762 aepatturohecsrttasr
820 3697 847 3747 id
885 3712 993 3769 ταρας,
1024 3691 1123 3757 δεδιώς
1150 3690 1204 3757 τὰς
1238 3689 1357 3755 στάσιις
1382 3693 1433 3744 scaci
1461 3690 1531 3756 τοὺς

200 3777 272 3841 oroi
299 3778 333 3828 de
350 3775 434 3828 Taciti
459 3778 516 3828 ioco
539 3791 625 3841 aeone
650 3777 720 3830 claro
743 3791 775 3830 ac
802 3777 848 3828 Sa·
884 3774 1104 3839 ἐπιτιθεμένους
1130 3766 1219 3841 αὑτῷ.
1251 3797 1281 3808 -
1309 3771 1395 3824 Verbo
1426 3773 1531 3822 nomios

200 3857 314 3909 iustiano
334 3858 404 3910 hand
421 3858 500 3910 raiet.
515 3882 545 3896 -
564 3869 620 3908 ooo
635 3855 791 3922 διφιααοι]
810 3857 848 3908 ita
886 3855 1029 3917 respondet
1038 3851 1240 3919 promerearis.
1254 3856 1402 3914 nocuere,
1427 3857 1528 3914 sponte.

200 3939 322 3990 instituio
349 3937 409 4001 cyri
431 3938 502 4000 apud
526 3937 649 4000 xenoph.
668 3939 703 3998 i,
722 3940 771 3999 5.,
801 3941 847 4002 qai
921 3933 964 3984 32.
998 3927 1093 3994 araas]
1123 3929 1281 3991 comitibus,
1308 3933 1397 3995 equis,
1415 3935 1530 3992 vestitu,

200 4021 241 4068 ani
259 4020 376 4079 corporis
390 4020 535 4070 custodiam
548 4031 692 4080 coramque
704 4019 766 4069 soiie
779 4032 850 4069 com·
886 4015 1008 4076 pecunia.
1029 4036 1059 4049 -
1086 4006 1261 4074 σσοίτιςίίηνι]
1280 4010 1428 4062 diademata
1448 4015 1532 4076 impo-

200 4100 274 4149 saaisii
299 4097 429 4148 ennuchis
455 4103 483 4148 ei
507 4100 626 4149 intimam
643 4099 730 4149 auiam
749 4111 780 4150 er
799 4099 849 4148 hoo
887 4095 947 4145 sito.
974 4117 1006 4130 ·-
1031 4091 1163 4142 destinata
1181 4087 1309 4154 ιιίίιιοιιι]
1336 4093 1443 4142 consiiia
1468 4093 1532 4142 iarn·

201 4179 327 4228 senisiro
346 4189 442 4241 perere
460 4181 594 4229 consutuit
612 4181 688 4240 onaai
711 4178 847 4228 fidissimo.
887 4171 989 4237 pridem
1008 4177 1083 4232 capta
1101 4172 1245 4222 etiamtunc
1263 4182 1378 4222 servans.
1394 4196 1423 4209 -
1443 4165 1531 4234 modo]

202 4257 243 4306 iia
261 4256 388 4319 deinceps
406 4258 433 4308 ira
445 4255 554 4308 Ιιοοοιο.
574 4257 649 4308 Lars.
685 4257 784 4309 Veram
797 4261 848 4309 iam
888 4251 984 4314 dacica
1000 4250 1078 4302 ιιιοίο
1096 4248 1267 4312 requirebant
1284 4250 1404 4302 hiaretur
1422 4257 1449 4301 et
1472 4249 1532 4302 Aci·

203 4335 254 4389 suh
270 4335 451 4388 Pharaoaihur
474 4343 653 4389 memorantur
669 4336 802 4396 eunuchi,
819 4341 851 4385 ut
888 4331 984 4383 datius.
1020 4331 1119 4382 Verum
1143 4341 1197 4380 uno
1216 4334 1354 4381 contentos
1381 4329 1430 4381 init
1452 4331 1531 4381 etiarn

205 4413 301 4468 Genea.
320 4417 370 4478 89,
390 4417 426 4468 ir
450 4416 597 4483 ἐκτήσατο
611 4411 745 4481 (Ἰωσὴφ)
761 4414 851 4466 lissa·
886 4411 924 4472 4,
943 4411 993 4462 5⁰:
1023 4410 1105 4460 hortis
1122 4407 1235 4458 clamore
1253 4409 1374 4469 sordido,
1393 4407 1471 4458 modo
1484 4420 1534 4470 pes

203 4491 299 4565 φηής,
327 4491 345 4546 ὁ
367 4489 512 4561 εὐνοῦχος
528 4492 654 4568 hopael,
682 4490 700 4546 ὁ
726 4491 851 4564 άηχιμά-
886 4495 991 4540 casua
1016 4489 1147 4540 silentium
1173 4489 1286 4538 iacerios
1311 4488 1454 4539 clausores
1476 4489 1533 4555 effe·

204 4587 318 4644 yespoc·
346 4574 392 4625 uhi
416 4577 509 4627 eadem
532 4576 660 4626 dissensio
684 4576 753 4624 inter
771 4577 851 4624 inter·
887 4575 972 4620 essai.
1004 4593 1033 4606 -
1063 4564 1203 4632 irritasset]
1222 4575 1253 4617 ut
1277 4568 1373 4618 dieitur
1398 4567 1534 4630 implicare

207 4661 294 4716 preter
311 4666 345 4706 ac
361 4668 420 4708 saroa
444 4655 479 4706 de
500 4656 641 4715 Aethiope.
671 4678 701 4691 -
731 4652 851 4715 ιιίίιοηιιι
887 4647 998 4700 mordas
1029 4659 1108 4698 sauro
1127 4649 1200 4710 quasi
1219 4647 1323 4698 vinculo
1343 4649 1475 4701 irretiret,
1505 4651 1534 4698 ut

202 4731 362 4798 potentiam}
383 4734 435 4785 Cir.
457 4733 516 4786 Act.
536 4736 606 4797 App.
629 4732 665 4793 s,
694 4731 744 4782 2¹12
775 4727 851 4801 ἀνὴρ
889 4725 1295 4794 nequidquamiamincipere‚
1315 4726 1533 4788 nednmerseqni

205 4810 320 4878 Αἰθίοψ
346 4809 506 4878 ου’νσῦκος,
527 4811 673 4876 δυνάστης
697 4809 853 4877 Κανδάκης
889 4815 1006 4870 posset.»
1043 4805 1086 4856 Sic
1105 4805 1233 4857 Herculea
1252 4804 1415 4867 Sophocleus
1434 4810 1461 4856 ia
1477 4817 1535 4857 rer·

206 4893 259 4956 τῆς
274 4890 452 4960 βασιλίσσης
466 4890 627 4951 sorenes,
646 4890 692 4941 nisi
711 4889 744 4942 de
762 4889 851 4940 Wette
889 4890 964 4939 stone
981 4886 1073 4936 Latina
1091 4883 1146 4936 Cic.
1166 4885 1247 4934 Ture.
1266 4885 1299 4944 2,
1313 4885 1348 4934 82
1372 4883 1431 4945 ipre
1448 4883 1536 4951 tiiipa·

207 4969 270 5022 iacit
298 4982 358 5022 cunr
390 4975 441 5031 its,
477 4975 523 5036 qni
555 4976 663 5024 renuat
692 4970 850 5033 spadonem
889 4974 933 5018 tus
950 4960 1120 5036 (χειρωθείς)
1136 4972 1208 5027 peste
1224 4963 1480 5027 summoueret,
1501 4965 1535 5017 de

207 5049 252 5102 aiii
279 5063 327 5114 per
354 5049 504 5104 δυσωπίαν
534 5050 685 5115 quandam,
717 5048 850 5109 osticam,
889 5052 963 5099 reste
982 5049 1119 5094 reserata.
1161 5042 1319 5094 Doederlein
1338 5043 1536 5106 erpiicats⁴aut

208 5129 407 5182 osticatartsos.
437 5155 470 5166 -
494 5125 587 5195 ίίίνιιι]
612 5135 639 5180 et
662 5129 779 5180 Venonis
802 5127 852 5177 ira·
890 5125 1021 5189 proticisci
1040 5123 1150 5173 hornam
1169 5135 1202 5174 ne
1229 5128 1343 5185 possets
1376 5121 1429 5174 Sed
1455 5125 1535 5176 aoiiei

209 5214 286 5262 treas.
309 5207 363 5260 cir.
388 5209 424 5272 υ,
451 5209 483 5268 1,
505 5210 534 5262 2.
558 5209 654 5262 strabo
673 5208 717 5261 it.
735 5220 763 5271 p.
781 5207 850 5260 'itte
891 5207 919 5258 ht
936 5213 1072 5266 nunquam
1091 5215 1122 5255 ea
1140 5201 1174 5254 de
1192 5201 1355 5264 proiectione
1373 5205 1533 5268 oraturam
