<?xml version="1.0" encoding="UTF-8"?>
<!DOCTYPE html PUBLIC "-//W3C//DTD XHTML 1.0 Transitional//EN"
    "http://www.w3.org/TR/xhtml1/DTD/xhtml1-transitional.dtd">
<html xmlns="http://www.w3.org/1999/xhtml" xml:lang="en" lang="en">
 <head>
  <title>
</title>
<meta http-equiv="Content-Type" content="text/html;charset=utf-8" />
  <meta name='ocr-system' content='tesseract 3.04.00' />
  <meta name='ocr-capabilities' content='ocr_page ocr_carea ocr_par ocr_line ocrx_word'/>
</head>
<body>
  <div class='ocr_page' id='page_1' title='image "./opera05tacigoog/opera05tacigoog_0566.png"; bbox 0 0 3734 5917; ppageno 0'>
   <div class='ocr_carea' id='block_1_1' title="bbox 324 461 1276 541">
    <p class='ocr_par' dir='ltr' id='par_1_1' title="bbox 324 461 1276 541">
     <span class='ocr_line' id='line_1_1' title="bbox 324 461 1276 541; baseline -0.007 -2"><span class='ocrx_word' id='word_1_1' title='bbox 324 462 387 541; x_wconf 78' lang='lat' dir='ltr'><strong>iii</strong></span> <span class='ocrx_word' id='word_1_2' title='bbox 707 464 895 533; x_wconf 80' lang='lat' dir='ltr'>CORNELII</span> <span class='ocrx_word' id='word_1_3' title='bbox 915 462 1052 531; x_wconf 75' lang='lat' dir='ltr'><strong>ulem</strong></span> <span class='ocrx_word' id='word_1_4' title='bbox 1072 461 1276 533; x_wconf 71' lang='lat' dir='ltr'><strong>instituit</strong></span> 
     </span>
    </p>
   </div>
   <div class='ocr_carea' id='block_1_2' title="bbox 286 624 1657 2197">
    <p class='ocr_par' dir='ltr' id='par_1_2' title="bbox 286 624 1657 2197">
     <span class='ocr_line' id='line_1_2' title="bbox 324 624 1657 715; baseline -0.003 -16"><span class='ocrx_word' id='word_1_5' title='bbox 324 631 455 699; x_wconf 81' lang='lat' dir='ltr'><strong>Claudio</strong></span> <span class='ocrx_word' id='word_1_6' title='bbox 475 626 650 715; x_wconf 88' lang='lat' dir='ltr'><strong>postponis.</strong></span> <span class='ocrx_word' id='word_1_7' title='bbox 678 626 735 693; x_wconf 89' lang='lat' dir='ltr'><strong>sed</strong></span> <span class='ocrx_word' id='word_1_8' title='bbox 756 634 906 713; x_wconf 82' lang='lat' dir='ltr'><strong>quantum</strong></span> <span class='ocrx_word' id='word_1_9' title='bbox 921 626 1054 695; x_wconf 76' lang='lat' dir='ltr'><strong>Volusio</strong></span> <span class='ocrx_word' id='word_1_10' title='bbox 1075 624 1168 714; x_wconf 84' lang='lat' dir='ltr'><strong>longe</strong></span> <span class='ocrx_word' id='word_1_11' title='bbox 1189 626 1381 714; x_wconf 74' lang='lat' dir='ltr'><strong>parsimonia</strong></span> <span class='ocrx_word' id='word_1_12' title='bbox 1394 628 1564 715; x_wconf 79' lang='lat' dir='ltr'><strong>quaesivit,</strong></span> <span class='ocrx_word' id='word_1_13' title='bbox 1586 634 1657 696; x_wconf 84' lang='lat' dir='ltr'><strong>isn-</strong></span> 
     </span>
     <span class='ocr_line' id='line_1_3' title="bbox 321 739 1656 828; baseline -0.001 -17"><span class='ocrx_word' id='word_1_14' title='bbox 321 752 391 811; x_wconf 89' lang='lat' dir='ltr'><strong>ium</strong></span> <span class='ocrx_word' id='word_1_15' title='bbox 409 744 443 811; x_wconf 93' lang='lat' dir='ltr'><strong>in</strong></span> <span class='ocrx_word' id='word_1_16' title='bbox 463 751 495 809; x_wconf 89' lang='lat' dir='ltr'><strong>te</strong></span> <span class='ocrx_word' id='word_1_17' title='bbox 516 762 586 810; x_wconf 89' lang='lat' dir='ltr'><strong>moa</strong></span> <span class='ocrx_word' id='word_1_18' title='bbox 606 739 775 808; x_wconf 72' lang='lat' dir='ltr'><strong>liberalitas</strong></span> <span class='ocrx_word' id='word_1_19' title='bbox 796 740 924 828; x_wconf 86' lang='lat' dir='ltr'><strong>explere</strong></span> <span class='ocrx_word' id='word_1_20' title='bbox 946 762 1009 807; x_wconf 94' lang='lat' dir='ltr'><strong>non</strong></span> <span class='ocrx_word' id='word_1_21' title='bbox 1031 746 1144 827; x_wconf 88' lang='lat' dir='ltr'><strong>potest.</strong></span> <span class='ocrx_word' id='word_1_22' title='bbox 1166 742 1258 828; x_wconf 91' lang='lat' dir='ltr'><strong>quin,</strong></span> <span class='ocrx_word' id='word_1_23' title='bbox 1282 741 1382 827; x_wconf 90' lang='lat' dir='ltr'><strong>siqua</strong></span> <span class='ocrx_word' id='word_1_24' title='bbox 1397 743 1428 807; x_wconf 92' lang='lat' dir='ltr'><strong>in</strong></span> <span class='ocrx_word' id='word_1_25' title='bbox 1443 750 1534 827; x_wconf 87' lang='lat' dir='ltr'><strong>parts</strong></span> <span class='ocrx_word' id='word_1_26' title='bbox 1556 740 1656 809; x_wconf 88' lang='lat' dir='ltr'><strong>lubri-</strong></span> 
     </span>
     <span class='ocr_line' id='line_1_4' title="bbox 324 853 1654 943; baseline -0.003 -18"><span class='ocrx_word' id='word_1_27' title='bbox 324 878 395 925; x_wconf 89' lang='lat' dir='ltr'><strong>cum</strong></span> <span class='ocrx_word' id='word_1_28' title='bbox 419 858 648 925; x_wconf 85' lang='lat' dir='ltr'><strong>adolescentiae</strong></span> <span class='ocrx_word' id='word_1_29' title='bbox 671 864 798 923; x_wconf 89' lang='lat' dir='ltr'><strong>nostrae</strong></span> <span class='ocrx_word' id='word_1_30' title='bbox 818 854 969 933; x_wconf 77' lang='lat' dir='ltr'><strong>declinat,</strong></span> <span class='ocrx_word' id='word_1_31' title='bbox 991 876 1135 930; x_wconf 83' lang='lat' dir='ltr'><strong>revocas,</strong></span> <span class='ocrx_word' id='word_1_32' title='bbox 1165 863 1370 943; x_wconf 80' lang='lat' dir='ltr'><strong>omniumque</strong></span> <span class='ocrx_word' id='word_1_33' title='bbox 1391 853 1490 923; x_wconf 90' lang='lat' dir='ltr'><strong>robur</strong></span> <span class='ocrx_word' id='word_1_34' title='bbox 1512 854 1654 921; x_wconf 87' lang='lat' dir='ltr'><strong>subsidio</strong></span> 
     </span>
     <span class='ocr_line' id='line_1_5' title="bbox 323 970 1654 1062; baseline 0 -25"><span class='ocrx_word' id='word_1_35' title='bbox 323 970 483 1059; x_wconf 86' lang='lat' dir='ltr'><strong>inpensius</strong></span> <span class='ocrx_word' id='word_1_36' title='bbox 496 974 604 1060; x_wconf 87' lang='lat' dir='ltr'><strong>regisi</strong></span> <span class='ocrx_word' id='word_1_37' title='bbox 625 994 689 1041; x_wconf 94' lang='lat' dir='ltr'><strong>non</strong></span> <span class='ocrx_word' id='word_1_38' title='bbox 703 982 756 1041; x_wconf 87' lang='lat' dir='ltr'><strong>tua</strong></span> <span class='ocrx_word' id='word_1_39' title='bbox 769 972 962 1049; x_wconf 74' lang='lat' dir='ltr'><strong>moderatio,</strong></span> <span class='ocrx_word' id='word_1_40' title='bbox 986 973 1014 1039; x_wconf 90' lang='lat' dir='ltr'><strong>si</strong></span> <span class='ocrx_word' id='word_1_41' title='bbox 1032 972 1206 1041; x_wconf 83' lang='lat' dir='ltr'><strong>reddideris</strong></span> <span class='ocrx_word' id='word_1_42' title='bbox 1222 976 1403 1059; x_wconf 88' lang='lat' dir='ltr'><strong>pecuniam,</strong></span> <span class='ocrx_word' id='word_1_43' title='bbox 1425 994 1483 1040; x_wconf 89' lang='lat' dir='ltr'><strong>nec</strong></span> <span class='ocrx_word' id='word_1_44' title='bbox 1497 974 1603 1062; x_wconf 88' lang='lat' dir='ltr'><strong>quies,</strong></span> <span class='ocrx_word' id='word_1_45' title='bbox 1626 971 1654 1038; x_wconf 89' lang='lat' dir='ltr'><strong>si</strong></span> 
     </span>
     <span class='ocr_line' id='line_1_6' title="bbox 304 1085 1654 1175; baseline -0.001 -24"><span class='ocrx_word' id='word_1_46' title='bbox 304 1085 488 1173; x_wconf 68' lang='lat' dir='ltr'><strong>srsiiqtrsrir</strong></span> <span class='ocrx_word' id='word_1_47' title='bbox 512 1087 706 1175; x_wconf 86' lang='lat' dir='ltr'><strong>prinoipem,</strong></span> <span class='ocrx_word' id='word_1_48' title='bbox 735 1090 790 1153; x_wconf 86' lang='lat' dir='ltr'><strong>sed</strong></span> <span class='ocrx_word' id='word_1_49' title='bbox 812 1108 883 1153; x_wconf 89' lang='lat' dir='ltr'><strong>mea</strong></span> <span class='ocrx_word' id='word_1_50' title='bbox 904 1088 1051 1165; x_wconf 85' lang='lat' dir='ltr'><strong>avaritia,</strong></span> <span class='ocrx_word' id='word_1_51' title='bbox 1085 1108 1174 1153; x_wconf 88' lang='lat' dir='ltr'><strong>meua</strong></span> <span class='ocrx_word' id='word_1_52' title='bbox 1203 1088 1394 1154; x_wconf 82' lang='lat' dir='ltr'><strong>crudelitatis</strong></span> <span class='ocrx_word' id='word_1_53' title='bbox 1417 1095 1517 1154; x_wconf 87' lang='lat' dir='ltr'><strong>metus</strong></span> <span class='ocrx_word' id='word_1_54' title='bbox 1538 1088 1569 1152; x_wconf 91' lang='lat' dir='ltr'><strong>in</strong></span> <span class='ocrx_word' id='word_1_55' title='bbox 1595 1106 1654 1151; x_wconf 90' lang='lat' dir='ltr'><strong>oro</strong></span> 
     </span>
     <span class='ocr_line' id='line_1_7' title="bbox 326 1200 1653 1288; baseline -0.002 -23"><span class='ocrx_word' id='word_1_56' title='bbox 326 1200 465 1265; x_wconf 89' lang='lat' dir='ltr'><strong>omnium</strong></span> <span class='ocrx_word' id='word_1_57' title='bbox 485 1202 672 1268; x_wconf 81' lang='lat' dir='ltr'><strong>versabitur.</strong></span> <span class='ocrx_word' id='word_1_58' title='bbox 707 1203 821 1288; x_wconf 81' lang='lat' dir='ltr'><strong>quodsi</strong></span> <span class='ocrx_word' id='word_1_59' title='bbox 843 1202 978 1267; x_wconf 76' lang='lat' dir='ltr'><strong>menime</strong></span> <span class='ocrx_word' id='word_1_60' title='bbox 999 1204 1189 1268; x_wconf 88' lang='lat' dir='ltr'><strong>continentia</strong></span> <span class='ocrx_word' id='word_1_61' title='bbox 1210 1210 1263 1268; x_wconf 89' lang='lat' dir='ltr'><strong>tna</strong></span> <span class='ocrx_word' id='word_1_62' title='bbox 1284 1201 1441 1277; x_wconf 91' lang='lat' dir='ltr'><strong>laudetur,</strong></span> <span class='ocrx_word' id='word_1_63' title='bbox 1464 1221 1527 1268; x_wconf 90' lang='lat' dir='ltr'><strong>nun</strong></span> <span class='ocrx_word' id='word_1_64' title='bbox 1548 1206 1653 1265; x_wconf 85' lang='lat' dir='ltr'><strong>tamen</strong></span> 
     </span>
     <span class='ocr_line' id='line_1_8' title="bbox 325 1312 1653 1400; baseline 0 -23"><span class='ocrx_word' id='word_1_65' title='bbox 325 1314 456 1398; x_wconf 84' lang='lat' dir='ltr'><strong>sapienti</strong></span> <span class='ocrx_word' id='word_1_66' title='bbox 479 1314 549 1380; x_wconf 80' lang='lat' dir='ltr'><strong>viro</strong></span> <span class='ocrx_word' id='word_1_67' title='bbox 575 1313 725 1380; x_wconf 85' lang='lat' dir='ltr'><strong>decomm</strong></span> <span class='ocrx_word' id='word_1_68' title='bbox 745 1313 859 1392; x_wconf 86' lang='lat' dir='ltr'><strong>luerit,</strong></span> <span class='ocrx_word' id='word_1_69' title='bbox 888 1318 972 1381; x_wconf 89' lang='lat' dir='ltr'><strong>unde</strong></span> <span class='ocrx_word' id='word_1_70' title='bbox 995 1316 1095 1380; x_wconf 89' lang='lat' dir='ltr'><strong>amico</strong></span> <span class='ocrx_word' id='word_1_71' title='bbox 1117 1314 1273 1381; x_wconf 80' lang='lat' dir='ltr'><strong>infamiam</strong></span> <span class='ocrx_word' id='word_1_72' title='bbox 1298 1324 1404 1399; x_wconf 87' lang='lat' dir='ltr'><strong>paret,</strong></span> <span class='ocrx_word' id='word_1_73' title='bbox 1427 1314 1500 1383; x_wconf 87' lang='lat' dir='ltr'><strong>iude</strong></span> <span class='ocrx_word' id='word_1_74' title='bbox 1520 1312 1653 1400; x_wconf 79' lang='lat' dir='ltr'><strong>gloriam</strong></span> 
     </span>
     <span class='ocr_line' id='line_1_9' title="bbox 325 1424 1655 1516; baseline 0 -25"><span class='ocrx_word' id='word_1_75' title='bbox 325 1424 385 1492; x_wconf 93' lang='lat' dir='ltr'><strong>sibi</strong></span> <span class='ocrx_word' id='word_1_76' title='bbox 398 1426 574 1516; x_wconf 77' lang='lat' dir='ltr'><strong>recipere.»</strong></span> <span class='ocrx_word' id='word_1_77' title='bbox 598 1427 646 1493; x_wconf 92' lang='lat' dir='ltr'><strong>bis</strong></span> <span class='ocrx_word' id='word_1_78' title='bbox 668 1427 762 1494; x_wconf 87' lang='lat' dir='ltr'><strong>adicit</strong></span> <span class='ocrx_word' id='word_1_79' title='bbox 786 1428 984 1515; x_wconf 83' lang='lat' dir='ltr'><strong>complexum</strong></span> <span class='ocrx_word' id='word_1_80' title='bbox 1006 1436 1037 1495; x_wconf 88' lang='grc' dir='ltr'><strong>ιι</strong></span> <span class='ocrx_word' id='word_1_81' title='bbox 1051 1429 1176 1506; x_wconf 87' lang='lat' dir='ltr'><strong>oscula,</strong></span> <span class='ocrx_word' id='word_1_82' title='bbox 1199 1427 1298 1495; x_wconf 83' lang='lat' dir='ltr'><strong>iscius</strong></span> <span class='ocrx_word' id='word_1_83' title='bbox 1317 1435 1426 1495; x_wconf 87' lang='lat' dir='ltr'><strong>nutura</strong></span> <span class='ocrx_word' id='word_1_84' title='bbox 1442 1436 1473 1494; x_wconf 92' lang='grc' dir='ltr'><strong>ιι</strong></span> <span class='ocrx_word' id='word_1_85' title='bbox 1487 1435 1655 1492; x_wconf 88' lang='lat' dir='ltr'><strong>consuetu-</strong></span> 
     </span>
     <span class='ocr_line' id='line_1_10' title="bbox 325 1536 1655 1629; baseline 0.002 -24"><span class='ocrx_word' id='word_1_86' title='bbox 325 1536 399 1605; x_wconf 87' lang='lat' dir='ltr'><strong>dine</strong></span> <span class='ocrx_word' id='word_1_87' title='bbox 416 1543 569 1608; x_wconf 82' lang='lat' dir='ltr'><strong>exercitus</strong></span> <span class='ocrx_word' id='word_1_88' title='bbox 590 1542 694 1608; x_wconf 86' lang='lat' dir='ltr'><strong>velare</strong></span> <span class='ocrx_word' id='word_1_89' title='bbox 713 1544 821 1609; x_wconf 91' lang='lat' dir='ltr'><strong>odium</strong></span> <span class='ocrx_word' id='word_1_90' title='bbox 839 1540 1000 1609; x_wconf 88' lang='lat' dir='ltr'><strong>iallncibns</strong></span> <span class='ocrx_word' id='word_1_91' title='bbox 1024 1542 1193 1609; x_wconf 86' lang='lat' dir='ltr'><strong>blanditiis.</strong></span> <span class='ocrx_word' id='word_1_92' title='bbox 1239 1544 1374 1615; x_wconf 84' lang='lat' dir='ltr'><strong>Seneca,</strong></span> <span class='ocrx_word' id='word_1_93' title='bbox 1409 1540 1462 1629; x_wconf 93' lang='lat' dir='ltr'><strong>qni</strong></span> <span class='ocrx_word' id='word_1_94' title='bbox 1488 1542 1559 1607; x_wconf 86' lang='lat' dir='ltr'><strong>linis</strong></span> <span class='ocrx_word' id='word_1_95' title='bbox 1587 1562 1655 1607; x_wconf 94' lang='lat' dir='ltr'><strong>om·</strong></span> 
     </span>
     <span class='ocr_line' id='line_1_11' title="bbox 286 1652 1653 1741; baseline 0.001 -23"><span class='ocrx_word' id='word_1_96' title='bbox 286 1652 412 1719; x_wconf 71' lang='lat' dir='ltr'><strong>sisium</strong></span> <span class='ocrx_word' id='word_1_97' title='bbox 426 1673 497 1719; x_wconf 87' lang='lat' dir='ltr'><strong>cum</strong></span> <span class='ocrx_word' id='word_1_98' title='bbox 511 1655 691 1721; x_wconf 80' lang='lat' dir='ltr'><strong>dominante</strong></span> <span class='ocrx_word' id='word_1_99' title='bbox 705 1676 900 1733; x_wconf 88' lang='lat' dir='ltr'><strong>sermonum,</strong></span> <span class='ocrx_word' id='word_1_100' title='bbox 922 1662 1026 1740; x_wconf 87' lang='lat' dir='ltr'><strong>grates</strong></span> <span class='ocrx_word' id='word_1_101' title='bbox 1040 1659 1119 1741; x_wconf 88' lang='lat' dir='ltr'><strong>agit:</strong></span> <span class='ocrx_word' id='word_1_102' title='bbox 1144 1660 1199 1721; x_wconf 89' lang='lat' dir='ltr'><strong>sed</strong></span> <span class='ocrx_word' id='word_1_103' title='bbox 1214 1656 1353 1723; x_wconf 88' lang='lat' dir='ltr'><strong>institute</strong></span> <span class='ocrx_word' id='word_1_104' title='bbox 1367 1657 1482 1741; x_wconf 89' lang='lat' dir='ltr'><strong>prioris</strong></span> <span class='ocrx_word' id='word_1_105' title='bbox 1496 1654 1653 1741; x_wconf 89' lang='lat' dir='ltr'><strong>potentiae</strong></span> 
     </span>
     <span class='ocr_line' id='line_1_12' title="bbox 326 1767 1653 1856; baseline 0.001 -24"><span class='ocrx_word' id='word_1_106' title='bbox 326 1775 514 1847; x_wconf 86' lang='lat' dir='ltr'><strong>commutat,</strong></span> <span class='ocrx_word' id='word_1_107' title='bbox 536 1768 683 1856; x_wconf 84' lang='lat' dir='ltr'><strong>probibet</strong></span> <span class='ocrx_word' id='word_1_108' title='bbox 696 1776 806 1835; x_wconf 88' lang='lat' dir='ltr'><strong>coetus</strong></span> <span class='ocrx_word' id='word_1_109' title='bbox 820 1769 1039 1847; x_wconf 88' lang='lat' dir='ltr'><strong>salutantium,</strong></span> <span class='ocrx_word' id='word_1_110' title='bbox 1061 1774 1136 1837; x_wconf 85' lang='lat' dir='ltr'><strong>vitai</strong></span> <span class='ocrx_word' id='word_1_111' title='bbox 1149 1767 1341 1843; x_wconf 86' lang='lat' dir='ltr'><strong>comitantis,</strong></span> <span class='ocrx_word' id='word_1_112' title='bbox 1356 1788 1447 1835; x_wconf 87' lang='lat' dir='ltr'><strong>rarus</strong></span> <span class='ocrx_word' id='word_1_113' title='bbox 1461 1788 1518 1855; x_wconf 91' lang='lat' dir='ltr'><strong>per</strong></span> <span class='ocrx_word' id='word_1_114' title='bbox 1531 1770 1653 1844; x_wconf 87' lang='lat' dir='ltr'><strong>urbem,</strong></span> 
     </span>
     <span class='ocr_line' id='line_1_13' title="bbox 325 1880 1487 1969; baseline 0.001 -23"><span class='ocrx_word' id='word_1_115' title='bbox 325 1883 415 1969; x_wconf 83' lang='lat' dir='ltr'><strong>quasi</strong></span> <span class='ocrx_word' id='word_1_116' title='bbox 435 1880 614 1949; x_wconf 86' lang='lat' dir='ltr'><strong>valetudine</strong></span> <span class='ocrx_word' id='word_1_117' title='bbox 636 1880 756 1948; x_wconf 88' lang='lat' dir='ltr'><strong>inlensa</strong></span> <span class='ocrx_word' id='word_1_118' title='bbox 777 1889 830 1948; x_wconf 88' lang='lat' dir='ltr'><strong>ant</strong></span> <span class='ocrx_word' id='word_1_119' title='bbox 851 1882 1022 1968; x_wconf 85' lang='lat' dir='ltr'><strong>sapientiae</strong></span> <span class='ocrx_word' id='word_1_120' title='bbox 1044 1882 1153 1949; x_wconf 90' lang='lat' dir='ltr'><strong>studiis</strong></span> <span class='ocrx_word' id='word_1_121' title='bbox 1175 1884 1262 1949; x_wconf 91' lang='lat' dir='ltr'><strong>domi</strong></span> <span class='ocrx_word' id='word_1_122' title='bbox 1284 1883 1487 1947; x_wconf 86' lang='lat' dir='ltr'><strong>adtineretnr.</strong></span> 
     </span>
     <span class='ocr_line' id='line_1_14' title="bbox 410 1992 1655 2083; baseline -0.002 -22"><span class='ocrx_word' id='word_1_123' title='bbox 410 1992 470 2080; x_wconf 79' lang='lat'>(57)</span> <span class='ocrx_word' id='word_1_124' title='bbox 493 1996 639 2063; x_wconf 89' lang='lat' dir='ltr'><strong>Perculso</strong></span> <span class='ocrx_word' id='word_1_125' title='bbox 660 1998 779 2061; x_wconf 85' lang='lat' dir='ltr'><strong>Seneca</strong></span> <span class='ocrx_word' id='word_1_126' title='bbox 795 2005 975 2083; x_wconf 90' lang='lat' dir='ltr'><strong>promptum</strong></span> <span class='ocrx_word' id='word_1_127' title='bbox 996 1994 1055 2062; x_wconf 89' lang='lat' dir='ltr'><strong>inii</strong></span> <span class='ocrx_word' id='word_1_128' title='bbox 1066 1998 1180 2063; x_wconf 84' lang='lat' dir='ltr'><strong>linium</strong></span> <span class='ocrx_word' id='word_1_129' title='bbox 1195 1998 1341 2061; x_wconf 86' lang='lat' dir='ltr'><strong>Faenium</strong></span> <span class='ocrx_word' id='word_1_130' title='bbox 1355 1996 1530 2061; x_wconf 83' lang='lat' dir='ltr'><strong>inminuere</strong></span> <span class='ocrx_word' id='word_1_131' title='bbox 1544 1996 1655 2079; x_wconf 79' lang='lat' dir='ltr'><strong>Agrip·</strong></span> 
     </span>
     <span class='ocr_line' id='line_1_15' title="bbox 326 2106 1654 2197; baseline -0.002 -24"><span class='ocrx_word' id='word_1_132' title='bbox 326 2108 419 2194; x_wconf 86' lang='lat' dir='ltr'><strong>pinne</strong></span> <span class='ocrx_word' id='word_1_133' title='bbox 444 2108 610 2175; x_wconf 87' lang='lat' dir='ltr'><strong>amicitiam</strong></span> <span class='ocrx_word' id='word_1_134' title='bbox 637 2112 671 2175; x_wconf 94' lang='lat' dir='ltr'><strong>in</strong></span> <span class='ocrx_word' id='word_1_135' title='bbox 690 2128 729 2175; x_wconf 89' lang='lat' dir='ltr'><strong>eo</strong></span> <span class='ocrx_word' id='word_1_136' title='bbox 752 2108 998 2175; x_wconf 84' lang='lat' dir='ltr'><strong>criminantibus.</strong></span> <span class='ocrx_word' id='word_1_137' title='bbox 1029 2108 1224 2197; x_wconf 83' lang='lat' dir='ltr'><strong>validiorque</strong></span> <span class='ocrx_word' id='word_1_138' title='bbox 1249 2111 1282 2175; x_wconf 89' lang='lat' dir='ltr'><strong>in</strong></span> <span class='ocrx_word' id='word_1_139' title='bbox 1313 2111 1378 2175; x_wconf 84' lang='lat' dir='ltr'><strong>dies</strong></span> <span class='ocrx_word' id='word_1_140' title='bbox 1403 2106 1592 2194; x_wconf 80' lang='lat' dir='ltr'><strong>Tigellinus,</strong></span> <span class='ocrx_word' id='word_1_141' title='bbox 1623 2113 1654 2171; x_wconf 85' lang='lat' dir='ltr'><strong>et</strong></span> 
     </span>
    </p>
   </div>
   <div class='ocr_carea' id='block_1_3' title="bbox 325 2270 1659 2889">
    <p class='ocr_par' dir='ltr' id='par_1_3' title="bbox 325 2270 1659 2889">
     <span class='ocr_line' id='line_1_16' title="bbox 396 2270 1655 2337; baseline -0.002 -15"><span class='ocrx_word' id='word_1_142' title='bbox 396 2272 423 2322; x_wconf 98' lang='grc'><strong>1.</strong></span> <span class='ocrx_word' id='word_1_143' title='bbox 442 2271 530 2323; x_wconf 81' lang='lat' dir='ltr'><strong>Habet</strong></span> <span class='ocrx_word' id='word_1_144' title='bbox 544 2273 682 2337; x_wconf 81' lang='lat' dir='ltr'><strong>postponis</strong></span> <span class='ocrx_word' id='word_1_145' title='bbox 699 2272 742 2333; x_wconf 82' lang='lat' dir='ltr'><strong>ii,</strong></span> <span class='ocrx_word' id='word_1_146' title='bbox 770 2284 823 2323; x_wconf 93' lang='lat' dir='ltr'><strong>non</strong></span> <span class='ocrx_word' id='word_1_147' title='bbox 838 2274 982 2335; x_wconf 82' lang='lat' dir='ltr'><strong>praeponis</strong></span> <span class='ocrx_word' id='word_1_148' title='bbox 1001 2270 1087 2323; x_wconf 84' lang='lat' dir='ltr'><strong>Gneli.</strong></span> <span class='ocrx_word' id='word_1_149' title='bbox 1106 2270 1174 2323; x_wconf 88' lang='lat' dir='ltr'><strong>liud.</strong></span> <span class='ocrx_word' id='word_1_150' title='bbox 1195 2272 1263 2324; x_wconf 85' lang='lat' dir='ltr'><strong>lidd.</strong></span> <span class='ocrx_word' id='word_1_151' title='bbox 1283 2276 1343 2325; x_wconf 88' lang='lat' dir='ltr'><strong>sute</strong></span> <span class='ocrx_word' id='word_1_152' title='bbox 1362 2273 1521 2324; x_wconf 82' lang='grc' dir='ltr'><strong>Βιιιιιιιιιιιι.</strong></span> <span class='ocrx_word' id='word_1_153' title='bbox 1545 2293 1573 2305; x_wconf 97' lang='grc'><strong>-</strong></span> <span class='ocrx_word' id='word_1_154' title='bbox 1591 2284 1655 2335; x_wconf 81' lang='lat' dir='ltr'><strong>pur·</strong></span> 
     </span>
     <span class='ocr_line' id='line_1_17' title="bbox 325 2340 1654 2407; baseline -0.002 -13"><span class='ocrx_word' id='word_1_155' title='bbox 325 2342 385 2393; x_wconf 83' lang='lat' dir='ltr'><strong>sins·</strong></span> <span class='ocrx_word' id='word_1_156' title='bbox 402 2342 447 2394; x_wconf 75' lang='lat' dir='ltr'><strong>bis</strong></span> <span class='ocrx_word' id='word_1_157' title='bbox 463 2346 577 2407; x_wconf 74' lang='lat' dir='ltr'><strong>porcien.</strong></span> <span class='ocrx_word' id='word_1_158' title='bbox 597 2346 628 2395; x_wconf 88' lang='grc' dir='ltr'><strong>Β.</strong></span> <span class='ocrx_word' id='word_1_159' title='bbox 645 2369 674 2381; x_wconf 93' lang='grc'>-</span> <span class='ocrx_word' id='word_1_160' title='bbox 688 2344 801 2407; x_wconf 70' lang='lat' dir='ltr'><strong>cessissit</strong></span> <span class='ocrx_word' id='word_1_161' title='bbox 818 2343 855 2395; x_wconf 89' lang='lat' dir='ltr'><strong>bl.</strong></span> <span class='ocrx_word' id='word_1_162' title='bbox 872 2369 906 2379; x_wconf 92' lang='lat'><em>-</em></span> <span class='ocrx_word' id='word_1_163' title='bbox 923 2343 949 2392; x_wconf 71' lang='grc' dir='ltr'><strong>Β.</strong></span> <span class='ocrx_word' id='word_1_164' title='bbox 971 2340 1010 2405; x_wconf 92' lang='grc' dir='ltr'><strong>ιι]</strong></span> <span class='ocrx_word' id='word_1_165' title='bbox 1028 2356 1069 2393; x_wconf 84' lang='lat' dir='ltr'><strong>ms</strong></span> <span class='ocrx_word' id='word_1_166' title='bbox 1087 2343 1124 2396; x_wconf 84' lang='lat' dir='ltr'><strong>bi.</strong></span> <span class='ocrx_word' id='word_1_167' title='bbox 1146 2344 1318 2394; x_wconf 77' lang='lat' dir='ltr'><strong>Emendatum</strong></span> <span class='ocrx_word' id='word_1_168' title='bbox 1338 2346 1363 2393; x_wconf 93' lang='lat' dir='ltr'><strong>in</strong></span> <span class='ocrx_word' id='word_1_169' title='bbox 1384 2342 1470 2395; x_wconf 84' lang='lat' dir='ltr'><strong>Gueli.</strong></span> <span class='ocrx_word' id='word_1_170' title='bbox 1490 2348 1516 2394; x_wconf 91' lang='lat' dir='ltr'><strong>et</strong></span> <span class='ocrx_word' id='word_1_171' title='bbox 1530 2354 1545 2391; x_wconf 87' lang='lat' dir='ltr'><strong>a</strong></span> <span class='ocrx_word' id='word_1_172' title='bbox 1558 2342 1654 2394; x_wconf 82' lang='lat' dir='ltr'><strong>Puteo·</strong></span> 
     </span>
     <span class='ocr_line' id='line_1_18' title="bbox 326 2411 1653 2479; baseline 0 -16"><span class='ocrx_word' id='word_1_173' title='bbox 326 2413 397 2463; x_wconf 85' lang='lat' dir='ltr'><strong>iano.</strong></span> <span class='ocrx_word' id='word_1_174' title='bbox 416 2438 450 2448; x_wconf 95' lang='lat'><em>-</em></span> <span class='ocrx_word' id='word_1_175' title='bbox 467 2414 573 2465; x_wconf 83' lang='lat' dir='ltr'><strong>liberios</strong></span> <span class='ocrx_word' id='word_1_176' title='bbox 590 2414 628 2465; x_wconf 79' lang='lat' dir='ltr'><strong>ii.</strong></span> <span class='ocrx_word' id='word_1_177' title='bbox 648 2413 828 2465; x_wconf 76' lang='lat' dir='ltr'><strong>Emendarnnt</strong></span> <span class='ocrx_word' id='word_1_178' title='bbox 844 2414 934 2464; x_wconf 87' lang='lat' dir='ltr'><strong>iidem.</strong></span> <span class='ocrx_word' id='word_1_179' title='bbox 950 2439 979 2451; x_wconf 91' lang='lat'><em>-</em></span> <span class='ocrx_word' id='word_1_180' title='bbox 994 2415 1019 2464; x_wconf 88' lang='grc'><strong>3.</strong></span> <span class='ocrx_word' id='word_1_181' title='bbox 1035 2414 1121 2465; x_wconf 83' lang='grc' dir='ltr'><strong>Ηιιιιι</strong></span> <span class='ocrx_word' id='word_1_182' title='bbox 1138 2422 1310 2479; x_wconf 78' lang='lat' dir='ltr'><strong>ornatumque</strong></span> <span class='ocrx_word' id='word_1_183' title='bbox 1331 2414 1358 2463; x_wconf 82' lang='lat' dir='ltr'><strong>it</strong></span> <span class='ocrx_word' id='word_1_184' title='bbox 1386 2411 1443 2475; x_wconf 84' lang='lat' dir='ltr'><strong>(sed</strong></span> <span class='ocrx_word' id='word_1_185' title='bbox 1457 2414 1544 2464; x_wconf 74' lang='lat' dir='ltr'><strong>addita</strong></span> <span class='ocrx_word' id='word_1_186' title='bbox 1558 2413 1591 2463; x_wconf 89' lang='lat' dir='ltr'><strong>ab</strong></span> <span class='ocrx_word' id='word_1_187' title='bbox 1604 2415 1653 2463; x_wconf 86' lang='lat' dir='ltr'><strong>siis</strong></span> 
     </span>
     <span class='ocr_line' id='line_1_19' title="bbox 327 2482 1655 2548; baseline 0 -15"><span class='ocrx_word' id='word_1_188' title='bbox 327 2495 406 2536; x_wconf 87' lang='lat' dir='ltr'><strong>manu</strong></span> <span class='ocrx_word' id='word_1_189' title='bbox 422 2484 470 2533; x_wconf 91' lang='lat' dir='ltr'><strong>litt.</strong></span> <span class='ocrx_word' id='word_1_190' title='bbox 490 2486 501 2535; x_wconf 91' lang='lat' dir='ltr'><strong>i</strong></span> <span class='ocrx_word' id='word_1_191' title='bbox 518 2495 577 2535; x_wconf 88' lang='lat' dir='ltr'><strong>cum</strong></span> <span class='ocrx_word' id='word_1_192' title='bbox 596 2486 673 2545; x_wconf 82' lang='lat' dir='ltr'><strong>lin).</strong></span> <span class='ocrx_word' id='word_1_193' title='bbox 694 2498 746 2536; x_wconf 92' lang='lat' dir='ltr'><strong>non</strong></span> <span class='ocrx_word' id='word_1_194' title='bbox 770 2487 971 2548; x_wconf 71' lang='lat' dir='ltr'><strong>inornatumque</strong></span> <span class='ocrx_word' id='word_1_195' title='bbox 990 2483 1076 2539; x_wconf 85' lang='lat' dir='ltr'><strong>Gueii.</strong></span> <span class='ocrx_word' id='word_1_196' title='bbox 1096 2484 1165 2534; x_wconf 81' lang='lat' dir='ltr'><strong>liud.</strong></span> <span class='ocrx_word' id='word_1_197' title='bbox 1188 2484 1260 2534; x_wconf 85' lang='lat' dir='ltr'><strong>lissi.</strong></span> <span class='ocrx_word' id='word_1_198' title='bbox 1281 2484 1356 2535; x_wconf 86' lang='lat' dir='ltr'><strong>liudi.</strong></span> <span class='ocrx_word' id='word_1_199' title='bbox 1376 2482 1427 2536; x_wconf 88' lang='lat' dir='ltr'><strong>las.</strong></span> <span class='ocrx_word' id='word_1_200' title='bbox 1448 2485 1516 2535; x_wconf 78' lang='lat' dir='ltr'><strong>Edu.</strong></span> <span class='ocrx_word' id='word_1_201' title='bbox 1535 2492 1596 2534; x_wconf 87' lang='lat' dir='ltr'><strong>sota</strong></span> <span class='ocrx_word' id='word_1_202' title='bbox 1612 2483 1655 2534; x_wconf 83' lang='lat' dir='ltr'><strong>Pl·</strong></span> 
     </span>
     <span class='ocr_line' id='line_1_20' title="bbox 327 2553 1653 2619; baseline -0.002 -14"><span class='ocrx_word' id='word_1_203' title='bbox 327 2555 449 2605; x_wconf 83' lang='lat' dir='ltr'><strong>ebenum.</strong></span> <span class='ocrx_word' id='word_1_204' title='bbox 478 2578 510 2591; x_wconf 89' lang='lat'>-</span> <span class='ocrx_word' id='word_1_205' title='bbox 536 2554 564 2605; x_wconf 77' lang='lat' dir='ltr'><strong>d.</strong></span> <span class='ocrx_word' id='word_1_206' title='bbox 582 2557 639 2619; x_wconf 83' lang='lat' dir='ltr'><strong>inp.</strong></span> <span class='ocrx_word' id='word_1_207' title='bbox 659 2554 705 2605; x_wconf 86' lang='lat' dir='ltr'><strong>bl:</strong></span> <span class='ocrx_word' id='word_1_208' title='bbox 724 2558 787 2617; x_wconf 87' lang='lat' dir='ltr'><strong>imp.</strong></span> <span class='ocrx_word' id='word_1_209' title='bbox 809 2555 840 2604; x_wconf 93' lang='grc' dir='ltr'><strong>Β.</strong></span> <span class='ocrx_word' id='word_1_210' title='bbox 870 2580 897 2592; x_wconf 95' lang='grc'>-</span> <span class='ocrx_word' id='word_1_211' title='bbox 925 2556 1042 2616; x_wconf 80' lang='lat' dir='ltr'><strong>pecunie</strong></span> <span class='ocrx_word' id='word_1_212' title='bbox 1058 2554 1096 2605; x_wconf 87' lang='lat' dir='ltr'><strong>bi.</strong></span> <span class='ocrx_word' id='word_1_213' title='bbox 1126 2578 1154 2590; x_wconf 91' lang='lat'><em>-</em></span> <span class='ocrx_word' id='word_1_214' title='bbox 1182 2553 1209 2605; x_wconf 82' lang='lat'><strong>8.</strong></span> <span class='ocrx_word' id='word_1_215' title='bbox 1229 2554 1369 2605; x_wconf 84' lang='lat' dir='ltr'><strong>udioitbl:</strong></span> <span class='ocrx_word' id='word_1_216' title='bbox 1399 2556 1491 2605; x_wconf 82' lang='lat' dir='ltr'><strong>adiicit</strong></span> <span class='ocrx_word' id='word_1_217' title='bbox 1508 2553 1539 2603; x_wconf 89' lang='lat' dir='ltr'><strong>it.</strong></span> <span class='ocrx_word' id='word_1_218' title='bbox 1559 2576 1591 2589; x_wconf 94' lang='lat'><em>-</em></span> <span class='ocrx_word' id='word_1_219' title='bbox 1610 2554 1653 2603; x_wconf 90' lang='lat' dir='ltr'><strong>tt.</strong></span> 
     </span>
     <span class='ocr_line' id='line_1_21' title="bbox 327 2624 1654 2677; baseline -0.002 -2"><span class='ocrx_word' id='word_1_220' title='bbox 327 2630 417 2675; x_wconf 84' lang='lat' dir='ltr'><strong>eustos</strong></span> <span class='ocrx_word' id='word_1_221' title='bbox 433 2625 471 2675; x_wconf 82' lang='lat' dir='ltr'><strong>si.</strong></span> <span class='ocrx_word' id='word_1_222' title='bbox 499 2648 531 2662; x_wconf 92' lang='lat'>-</span> <span class='ocrx_word' id='word_1_223' title='bbox 560 2628 711 2676; x_wconf 79' lang='lat' dir='ltr'><strong>comitantis</strong></span> <span class='ocrx_word' id='word_1_224' title='bbox 734 2626 781 2676; x_wconf 81' lang='lat' dir='ltr'><strong>bit</strong></span> <span class='ocrx_word' id='word_1_225' title='bbox 809 2629 965 2675; x_wconf 83' lang='lat' dir='ltr'><strong>comitantes</strong></span> <span class='ocrx_word' id='word_1_226' title='bbox 982 2626 1013 2677; x_wconf 89' lang='grc' dir='ltr'><strong>Β.</strong></span> <span class='ocrx_word' id='word_1_227' title='bbox 1041 2646 1075 2660; x_wconf 90' lang='grc'>-</span> <span class='ocrx_word' id='word_1_228' title='bbox 1102 2626 1145 2674; x_wconf 76' lang='lat' dir='ltr'><strong>te.</strong></span> <span class='ocrx_word' id='word_1_229' title='bbox 1164 2626 1314 2676; x_wconf 81' lang='lat' dir='ltr'><strong>ualetudine</strong></span> <span class='ocrx_word' id='word_1_230' title='bbox 1334 2626 1377 2677; x_wconf 86' lang='lat' dir='ltr'><strong>ii:</strong></span> <span class='ocrx_word' id='word_1_231' title='bbox 1402 2626 1551 2675; x_wconf 81' lang='lat' dir='ltr'><strong>solitudine</strong></span> <span class='ocrx_word' id='word_1_232' title='bbox 1568 2624 1599 2673; x_wconf 96' lang='grc' dir='ltr'><strong>Β.</strong></span> <span class='ocrx_word' id='word_1_233' title='bbox 1622 2648 1654 2661; x_wconf 94' lang='grc'>-</span> 
     </span>
     <span class='ocr_line' id='line_1_22' title="bbox 325 2694 1653 2757; baseline -0.004 -10"><span class='ocrx_word' id='word_1_234' title='bbox 325 2695 422 2748; x_wconf 67' lang='lat' dir='ltr'><strong>nadib</strong></span> <span class='ocrx_word' id='word_1_235' title='bbox 440 2694 578 2747; x_wconf 79' lang='lat' dir='ltr'><strong>donildt</strong></span> <span class='ocrx_word' id='word_1_236' title='bbox 607 2696 703 2747; x_wconf 83' lang='lat' dir='ltr'><strong>studiis</strong></span> <span class='ocrx_word' id='word_1_237' title='bbox 720 2698 815 2747; x_wconf 86' lang='lat' dir='ltr'><strong>omisso</strong></span> <span class='ocrx_word' id='word_1_238' title='bbox 833 2710 858 2747; x_wconf 84' lang='lat' dir='ltr'><strong>s.</strong></span> <span class='ocrx_word' id='word_1_239' title='bbox 877 2697 949 2745; x_wconf 85' lang='lat' dir='ltr'><strong>domi</strong></span> <span class='ocrx_word' id='word_1_240' title='bbox 965 2708 1024 2745; x_wconf 88' lang='lat' dir='ltr'><strong>eum</strong></span> <span class='ocrx_word' id='word_1_241' title='bbox 1043 2694 1163 2746; x_wconf 87' lang='lat' dir='ltr'><strong>Obarlini</strong></span> <span class='ocrx_word' id='word_1_242' title='bbox 1183 2700 1268 2757; x_wconf 87' lang='lat' dir='ltr'><strong>operis</strong></span> <span class='ocrx_word' id='word_1_243' title='bbox 1287 2697 1318 2745; x_wconf 91' lang='grc' dir='ltr'><strong>Β.</strong></span> <span class='ocrx_word' id='word_1_244' title='bbox 1350 2718 1381 2731; x_wconf 93' lang='lat'><em>-</em></span> <span class='ocrx_word' id='word_1_245' title='bbox 1411 2697 1466 2745; x_wconf 86' lang='lat' dir='ltr'><strong>udi.</strong></span> <span class='ocrx_word' id='word_1_246' title='bbox 1486 2696 1530 2749; x_wconf 77' lang='lat' dir='ltr'><strong>bis</strong></span> <span class='ocrx_word' id='word_1_247' title='bbox 1552 2699 1602 2745; x_wconf 88' lang='lat' dir='ltr'><strong>oti.</strong></span> <span class='ocrx_word' id='word_1_248' title='bbox 1621 2694 1653 2743; x_wconf 91' lang='grc' dir='ltr'><strong>Β.</strong></span> 
     </span>
     <span class='ocr_line' id='line_1_23' title="bbox 328 2760 1659 2829; baseline -0.002 -14"><span class='ocrx_word' id='word_1_249' title='bbox 328 2788 359 2805; x_wconf 84' lang='grc'><strong>·-</strong></span> <span class='ocrx_word' id='word_1_250' title='bbox 381 2766 425 2817; x_wconf 94' lang='grc'><strong>13.</strong></span> <span class='ocrx_word' id='word_1_251' title='bbox 444 2765 553 2817; x_wconf 79' lang='lat' dir='ltr'><strong>Frisium</strong></span> <span class='ocrx_word' id='word_1_252' title='bbox 570 2766 642 2819; x_wconf 82' lang='lat' dir='ltr'><strong>itii.</strong></span> <span class='ocrx_word' id='word_1_253' title='bbox 664 2766 731 2818; x_wconf 82' lang='lat' dir='ltr'><strong>Vide</strong></span> <span class='ocrx_word' id='word_1_254' title='bbox 749 2766 782 2819; x_wconf 91' lang='lat' dir='ltr'><strong>ad</strong></span> <span class='ocrx_word' id='word_1_255' title='bbox 802 2765 850 2827; x_wconf 87' lang='grc'><strong>13,</strong></span> <span class='ocrx_word' id='word_1_256' title='bbox 869 2768 912 2817; x_wconf 74' lang='lat' dir='ltr'><strong>ait.</strong></span> <span class='ocrx_word' id='word_1_257' title='bbox 933 2772 961 2817; x_wconf 92' lang='grc' dir='ltr'><strong>ιι</strong></span> <span class='ocrx_word' id='word_1_258' title='bbox 978 2764 1029 2824; x_wconf 83' lang='lat' dir='ltr'><strong>si,</strong></span> <span class='ocrx_word' id='word_1_259' title='bbox 1046 2766 1090 2817; x_wconf 85' lang='lat'><strong>51.</strong></span> <span class='ocrx_word' id='word_1_260' title='bbox 1118 2792 1151 2805; x_wconf 89' lang='lat'>-</span> <span class='ocrx_word' id='word_1_261' title='bbox 1175 2768 1238 2816; x_wconf 84' lang='lat' dir='ltr'><strong>inm.</strong></span> <span class='ocrx_word' id='word_1_262' title='bbox 1258 2766 1305 2819; x_wconf 81' lang='lat' dir='ltr'><strong>bit</strong></span> <span class='ocrx_word' id='word_1_263' title='bbox 1325 2766 1397 2816; x_wconf 83' lang='lat' dir='ltr'><strong>imm.</strong></span> <span class='ocrx_word' id='word_1_264' title='bbox 1417 2766 1448 2817; x_wconf 88' lang='lat' dir='ltr'><strong>ii.</strong></span> <span class='ocrx_word' id='word_1_265' title='bbox 1470 2760 1659 2829; x_wconf 68' lang='lat' dir='ltr'><strong>—1d.iigil·&#39;</strong></span> 
     </span>
     <span class='ocr_line' id='line_1_24' title="bbox 328 2836 453 2889; baseline 0.016 -2"><span class='ocrx_word' id='word_1_266' title='bbox 328 2836 398 2887; x_wconf 84' lang='lat' dir='ltr'><strong>linus</strong></span> <span class='ocrx_word' id='word_1_267' title='bbox 414 2836 453 2889; x_wconf 78' lang='lat' dir='ltr'><strong>si.</strong></span> 
     </span>
    </p>
   </div>
   <div class='ocr_carea' id='block_1_4' title="bbox 328 2999 1659 5222">
    <p class='ocr_par' dir='ltr' id='par_1_4' title="bbox 328 2999 1659 5222">
     <span class='ocr_line' id='line_1_25' title="bbox 328 2999 1655 3066; baseline -0.002 -15"><span class='ocrx_word' id='word_1_268' title='bbox 328 3001 382 3051; x_wconf 84' lang='lat' dir='ltr'><strong>riso</strong></span> <span class='ocrx_word' id='word_1_269' title='bbox 401 3006 540 3063; x_wconf 81' lang='lat' dir='ltr'><strong>pervertat.</strong></span> <span class='ocrx_word' id='word_1_270' title='bbox 562 3027 591 3039; x_wconf 94' lang='lat'><em>-</em></span> <span class='ocrx_word' id='word_1_271' title='bbox 622 2999 747 3066; x_wconf 79' lang='lat' dir='ltr'><strong>Claudio]</strong></span> <span class='ocrx_word' id='word_1_272' title='bbox 771 3002 822 3065; x_wconf 82' lang='lat' dir='ltr'><strong>Qui</strong></span> <span class='ocrx_word' id='word_1_273' title='bbox 842 3003 872 3053; x_wconf 91' lang='grc'><strong>1..</strong></span> <span class='ocrx_word' id='word_1_274' title='bbox 891 3002 973 3053; x_wconf 83' lang='lat' dir='ltr'><strong>Vital-</strong></span> <span class='ocrx_word' id='word_1_275' title='bbox 1012 3001 1129 3053; x_wconf 81' lang='lat' dir='ltr'><strong>Voluuce</strong></span> <span class='ocrx_word' id='word_1_276' title='bbox 1145 3002 1199 3052; x_wconf 79' lang='lat' dir='ltr'><strong>sisa</strong></span> <span class='ocrx_word' id='word_1_277' title='bbox 1216 3002 1324 3054; x_wconf 83' lang='lat' dir='ltr'><strong>Volusio</strong></span> <span class='ocrx_word' id='word_1_278' title='bbox 1347 3001 1437 3065; x_wconf 79' lang='lat' dir='ltr'><strong>aliquo</strong></span> <span class='ocrx_word' id='word_1_279' title='bbox 1455 3000 1521 3051; x_wconf 87' lang='lat' dir='ltr'><strong>italo</strong></span> <span class='ocrx_word' id='word_1_280' title='bbox 1539 3000 1655 3063; x_wconf 76' lang='lat' dir='ltr'><strong>loquitur</strong></span> 
     </span>
     <span class='ocr_line' id='line_1_26' title="bbox 328 3078 1655 3145; baseline -0.004 -12"><span class='ocrx_word' id='word_1_281' title='bbox 328 3081 391 3133; x_wconf 88' lang='lat' dir='ltr'><strong>lium</strong></span> <span class='ocrx_word' id='word_1_282' title='bbox 410 3078 584 3144; x_wconf 82' lang='lat' dir='ltr'><strong>(imperatoris</strong></span> <span class='ocrx_word' id='word_1_283' title='bbox 603 3082 715 3145; x_wconf 82' lang='lat' dir='ltr'><strong>putrem)</strong></span> <span class='ocrx_word' id='word_1_284' title='bbox 739 3090 781 3135; x_wconf 87' lang='lat' dir='ltr'><strong>tar</strong></span> <span class='ocrx_word' id='word_1_285' title='bbox 803 3085 836 3135; x_wconf 88' lang='lat' dir='ltr'><strong>sd</strong></span> <span class='ocrx_word' id='word_1_286' title='bbox 855 3083 974 3135; x_wconf 86' lang='lat' dir='ltr'><strong>consula·</strong></span> <span class='ocrx_word' id='word_1_287' title='bbox 1013 3087 1100 3143; x_wconf 79' lang='lat' dir='ltr'><strong>poeta.</strong></span> <span class='ocrx_word' id='word_1_288' title='bbox 1149 3082 1215 3134; x_wconf 81' lang='lat' dir='ltr'><strong>vide</strong></span> <span class='ocrx_word' id='word_1_289' title='bbox 1244 3082 1280 3132; x_wconf 92' lang='lat' dir='ltr'><strong>lbi</strong></span> <span class='ocrx_word' id='word_1_290' title='bbox 1311 3080 1444 3132; x_wconf 82' lang='lat' dir='ltr'><strong>Drakenb.</strong></span> <span class='ocrx_word' id='word_1_291' title='bbox 1474 3104 1505 3117; x_wconf 91' lang='lat'><strong>·-</strong></span> <span class='ocrx_word' id='word_1_292' title='bbox 1535 3082 1599 3144; x_wconf 76' lang='lat' dir='ltr'><strong>puin</strong></span> <span class='ocrx_word' id='word_1_293' title='bbox 1615 3104 1655 3116; x_wconf 93' lang='lat'><strong>··</strong></span> 
     </span>
     <span class='ocr_line' id='line_1_27' title="bbox 328 3158 1655 3225; baseline -0.002 -14"><span class='ocrx_word' id='word_1_294' title='bbox 328 3168 384 3211; x_wconf 85' lang='lat' dir='ltr'><strong>tuna</strong></span> <span class='ocrx_word' id='word_1_295' title='bbox 402 3164 531 3213; x_wconf 82' lang='lat' dir='ltr'><strong>assultat</strong></span> <span class='ocrx_word' id='word_1_296' title='bbox 548 3162 604 3212; x_wconf 87' lang='lat' dir='ltr'><strong>aliis</strong></span> <span class='ocrx_word' id='word_1_297' title='bbox 623 3166 749 3224; x_wconf 86' lang='lat' dir='ltr'><strong>prsesniis</strong></span> <span class='ocrx_word' id='word_1_298' title='bbox 767 3166 886 3223; x_wconf 82' lang='lat' dir='ltr'><strong>ornarit,</strong></span> <span class='ocrx_word' id='word_1_299' title='bbox 908 3163 973 3215; x_wconf 87' lang='lat' dir='ltr'><strong>adu·</strong></span> <span class='ocrx_word' id='word_1_300' title='bbox 1011 3158 1127 3225; x_wconf 86' lang='lat' dir='ltr'><strong>rsouaus]</strong></span> <span class='ocrx_word' id='word_1_301' title='bbox 1142 3161 1312 3212; x_wconf 83' lang='lat' dir='ltr'><strong>Notissimum</strong></span> <span class='ocrx_word' id='word_1_302' title='bbox 1327 3174 1397 3212; x_wconf 90' lang='lat' dir='ltr'><strong>nunc</strong></span> <span class='ocrx_word' id='word_1_303' title='bbox 1410 3165 1450 3212; x_wconf 90' lang='grc' dir='ltr'><strong>ιιι</strong></span> <span class='ocrx_word' id='word_1_304' title='bbox 1462 3159 1574 3210; x_wconf 85' lang='lat' dir='ltr'><strong>riridsrn</strong></span> <span class='ocrx_word' id='word_1_305' title='bbox 1588 3160 1655 3210; x_wconf 90' lang='lat' dir='ltr'><strong>bsnc</strong></span> 
     </span>
     <span class='ocr_line' id='line_1_28' title="bbox 328 3238 1656 3305; baseline -0.005 -11"><span class='ocrx_word' id='word_1_306' title='bbox 328 3243 437 3294; x_wconf 82' lang='lat' dir='ltr'><strong>latorem</strong></span> <span class='ocrx_word' id='word_1_307' title='bbox 450 3249 670 3293; x_wconf 85' lang='lat' dir='ltr'><strong>consummatum.</strong></span> <span class='ocrx_word' id='word_1_308' title='bbox 685 3243 790 3295; x_wconf 77' lang='lat' dir='ltr'><strong>bosan.</strong></span> <span class='ocrx_word' id='word_1_309' title='bbox 810 3244 893 3295; x_wconf 84' lang='lat' dir='ltr'><strong>Simul</strong></span> <span class='ocrx_word' id='word_1_310' title='bbox 905 3256 975 3293; x_wconf 84' lang='lat' dir='ltr'><strong>sma—</strong></span> <span class='ocrx_word' id='word_1_311' title='bbox 1012 3253 1068 3293; x_wconf 86' lang='lat' dir='ltr'><strong>esse</strong></span> <span class='ocrx_word' id='word_1_312' title='bbox 1087 3243 1233 3302; x_wconf 74' lang='lat' dir='ltr'><strong>imperativi</strong></span> <span class='ocrx_word' id='word_1_313' title='bbox 1252 3241 1415 3303; x_wconf 81' lang='lat' dir='ltr'><strong>exprimendi</strong></span> <span class='ocrx_word' id='word_1_314' title='bbox 1429 3240 1565 3291; x_wconf 89' lang='lat' dir='ltr'><strong>iormuism</strong></span> <span class='ocrx_word' id='word_1_315' title='bbox 1583 3238 1656 3305; x_wconf 76' lang='lat' dir='ltr'><strong>(quu-</strong></span> 
     </span>
     <span class='ocr_line' id='line_1_29' title="bbox 328 3320 1656 3385; baseline -0.001 -13"><span class='ocrx_word' id='word_1_316' title='bbox 328 3325 431 3373; x_wconf 86' lang='lat' dir='ltr'><strong>rirsinas</strong></span> <span class='ocrx_word' id='word_1_317' title='bbox 454 3323 523 3372; x_wconf 82' lang='lat' dir='ltr'><strong>lueri</strong></span> <span class='ocrx_word' id='word_1_318' title='bbox 539 3324 683 3373; x_wconf 82' lang='lat' dir='ltr'><strong>sententis:</strong></span> <span class='ocrx_word' id='word_1_319' title='bbox 717 3323 864 3381; x_wconf 79' lang='lat' dir='ltr'><strong>«claudio,</strong></span> <span class='ocrx_word' id='word_1_320' title='bbox 884 3325 930 3385; x_wconf 84' lang='lat' dir='ltr'><strong>qui</strong></span> <span class='ocrx_word' id='word_1_321' title='bbox 948 3327 974 3372; x_wconf 90' lang='grc' dir='ltr'><strong>ιι</strong></span> <span class='ocrx_word' id='word_1_322' title='bbox 1010 3322 1088 3373; x_wconf 85' lang='lat' dir='ltr'><strong>modo</strong></span> <span class='ocrx_word' id='word_1_323' title='bbox 1106 3334 1160 3372; x_wconf 84' lang='lat' dir='ltr'><strong>oon</strong></span> <span class='ocrx_word' id='word_1_324' title='bbox 1176 3344 1188 3357; x_wconf 94' lang='lat'><strong>·</strong></span> <span class='ocrx_word' id='word_1_325' title='bbox 1205 3348 1231 3381; x_wconf 94' lang='lat'><strong>·,</strong></span> <span class='ocrx_word' id='word_1_326' title='bbox 1250 3322 1341 3385; x_wconf 76' lang='lat' dir='ltr'><strong>quidni</strong></span> <span class='ocrx_word' id='word_1_327' title='bbox 1353 3346 1363 3357; x_wconf 95' lang='lat'><em>·</em></span> <span class='ocrx_word' id='word_1_328' title='bbox 1375 3320 1397 3383; x_wconf 86' lang='lat'><strong>·)</strong></span> <span class='ocrx_word' id='word_1_329' title='bbox 1417 3332 1521 3383; x_wconf 86' lang='lat' dir='ltr'><strong>semper</strong></span> <span class='ocrx_word' id='word_1_330' title='bbox 1539 3332 1598 3371; x_wconf 88' lang='lat' dir='ltr'><strong>cum</strong></span> <span class='ocrx_word' id='word_1_331' title='bbox 1617 3323 1656 3371; x_wconf 91' lang='lat' dir='ltr'><strong>in·</strong></span> 
     </span>
     <span class='ocr_line' id='line_1_30' title="bbox 329 3398 1654 3464; baseline -0.002 -14"><span class='ocrx_word' id='word_1_332' title='bbox 329 3404 356 3451; x_wconf 89' lang='lat' dir='ltr'><strong>io</strong></span> <span class='ocrx_word' id='word_1_333' title='bbox 374 3401 492 3454; x_wconf 84' lang='lat' dir='ltr'><strong>ossillum</strong></span> <span class='ocrx_word' id='word_1_334' title='bbox 511 3401 576 3453; x_wconf 89' lang='lat' dir='ltr'><strong>iilud</strong></span> <span class='ocrx_word' id='word_1_335' title='bbox 591 3401 725 3452; x_wconf 85' lang='lat' dir='ltr'><strong>Cossicusn</strong></span> <span class='ocrx_word' id='word_1_336' title='bbox 739 3403 869 3464; x_wconf 74' lang='lat' dir='ltr'><strong>pepulit.»</strong></span> <span class='ocrx_word' id='word_1_337' title='bbox 891 3402 974 3451; x_wconf 89' lang='lat' dir='ltr'><strong>Simul</strong></span> <span class='ocrx_word' id='word_1_338' title='bbox 1012 3404 1141 3461; x_wconf 85' lang='lat' dir='ltr'><strong>diratiro,</strong></span> <span class='ocrx_word' id='word_1_339' title='bbox 1167 3408 1198 3451; x_wconf 91' lang='lat' dir='ltr'><strong>ut</strong></span> <span class='ocrx_word' id='word_1_340' title='bbox 1215 3402 1286 3464; x_wconf 85' lang='lat' dir='ltr'><strong>apud</strong></span> <span class='ocrx_word' id='word_1_341' title='bbox 1305 3400 1366 3451; x_wconf 82' lang='lat' dir='ltr'><strong>Ter.</strong></span> <span class='ocrx_word' id='word_1_342' title='bbox 1386 3399 1492 3451; x_wconf 81' lang='lat' dir='ltr'><strong>l’bosm.</strong></span> <span class='ocrx_word' id='word_1_343' title='bbox 1514 3401 1546 3457; x_wconf 74' lang='grc' dir='ltr'><strong>ι.</strong></span> <span class='ocrx_word' id='word_1_344' title='bbox 1560 3399 1592 3457; x_wconf 89' lang='grc'><strong>3,</strong></span> <span class='ocrx_word' id='word_1_345' title='bbox 1605 3398 1654 3449; x_wconf 76' lang='lat' dir='ltr'><strong>ses</strong></span> 
     </span>
     <span class='ocr_line' id='line_1_31' title="bbox 328 3479 1655 3547; baseline -0.003 -16"><span class='ocrx_word' id='word_1_346' title='bbox 328 3482 458 3546; x_wconf 85' lang='lat' dir='ltr'><strong>signiticat</strong></span> <span class='ocrx_word' id='word_1_347' title='bbox 475 3496 503 3533; x_wconf 92' lang='grc' dir='ltr'><strong>ιι</strong></span> <span class='ocrx_word' id='word_1_348' title='bbox 522 3485 549 3532; x_wconf 90' lang='lat' dir='ltr'><strong>in</strong></span> <span class='ocrx_word' id='word_1_349' title='bbox 567 3482 709 3541; x_wconf 87' lang='lat' dir='ltr'><strong>omnibns,</strong></span> <span class='ocrx_word' id='word_1_350' title='bbox 734 3484 813 3532; x_wconf 84' lang='lat' dir='ltr'><strong>etiarn</strong></span> <span class='ocrx_word' id='word_1_351' title='bbox 837 3494 885 3543; x_wconf 81' lang='lat' dir='ltr'><strong>per</strong></span> <span class='ocrx_word' id='word_1_352' title='bbox 902 3485 975 3545; x_wconf 88' lang='lat' dir='ltr'><strong>inga-</strong></span> <span class='ocrx_word' id='word_1_353' title='bbox 1012 3484 1093 3547; x_wconf 82' lang='lat' dir='ltr'><strong>quin,</strong></span> <span class='ocrx_word' id='word_1_354' title='bbox 1118 3483 1188 3544; x_wconf 84' lang='lat' dir='ltr'><strong>quod</strong></span> <span class='ocrx_word' id='word_1_355' title='bbox 1206 3486 1244 3532; x_wconf 76' lang='grc' dir='ltr'><strong>ιιι</strong></span> <span class='ocrx_word' id='word_1_356' title='bbox 1262 3482 1419 3546; x_wconf 63' lang='lat' dir='ltr'><strong>inondum,</strong></span> <span class='ocrx_word' id='word_1_357' title='bbox 1445 3480 1522 3542; x_wconf 76' lang='lat' dir='ltr'><strong>serr?</strong></span> <span class='ocrx_word' id='word_1_358' title='bbox 1552 3479 1608 3529; x_wconf 82' lang='lat' dir='ltr'><strong>bis.</strong></span> <span class='ocrx_word' id='word_1_359' title='bbox 1628 3480 1655 3537; x_wconf 89' lang='lat' dir='ltr'><strong>i,</strong></span> 
     </span>
     <span class='ocr_line' id='line_1_32' title="bbox 329 3561 1657 3625; baseline -0.005 -13"><span class='ocrx_word' id='word_1_360' title='bbox 329 3565 422 3623; x_wconf 90' lang='lat' dir='ltr'><strong>nium,</strong></span> <span class='ocrx_word' id='word_1_361' title='bbox 459 3562 541 3612; x_wconf 90' lang='lat' dir='ltr'><strong>multo</strong></span> <span class='ocrx_word' id='word_1_362' title='bbox 575 3566 740 3625; x_wconf 82' lang='lat' dir='ltr'><strong>superiorem</strong></span> <span class='ocrx_word' id='word_1_363' title='bbox 766 3573 823 3611; x_wconf 87' lang='lat' dir='ltr'><strong>asse</strong></span> <span class='ocrx_word' id='word_1_364' title='bbox 853 3562 973 3612; x_wconf 86' lang='lat' dir='ltr'><strong>Claudio.</strong></span> <span class='ocrx_word' id='word_1_365' title='bbox 1011 3563 1064 3612; x_wconf 77' lang='lat' dir='ltr'><strong>nir</strong></span> <span class='ocrx_word' id='word_1_366' title='bbox 1097 3562 1186 3624; x_wconf 83' lang='lat' dir='ltr'><strong>Quiri,</strong></span> <span class='ocrx_word' id='word_1_367' title='bbox 1214 3564 1237 3610; x_wconf 82' lang='grc' dir='ltr'><strong>ιι·</strong></span> <span class='ocrx_word' id='word_1_368' title='bbox 1254 3562 1332 3624; x_wconf 72' lang='lat' dir='ltr'><strong>uigor</strong></span> <span class='ocrx_word' id='word_1_369' title='bbox 1349 3561 1470 3611; x_wconf 84' lang='lat' dir='ltr'><strong>iuuentus</strong></span> <span class='ocrx_word' id='word_1_370' title='bbox 1490 3561 1571 3618; x_wconf 84' lang='lat' dir='ltr'><strong>inssi,</strong></span> <span class='ocrx_word' id='word_1_371' title='bbox 1597 3570 1657 3608; x_wconf 84' lang='lat' dir='ltr'><strong>cors·</strong></span> 
     </span>
     <span class='ocr_line' id='line_1_33' title="bbox 328 3640 1657 3705; baseline -0.003 -14"><span class='ocrx_word' id='word_1_372' title='bbox 328 3640 413 3692; x_wconf 77' lang='lat' dir='ltr'><strong>Aliter</strong></span> <span class='ocrx_word' id='word_1_373' title='bbox 425 3641 554 3692; x_wconf 80' lang='lat' dir='ltr'><strong>Baebius:</strong></span> <span class='ocrx_word' id='word_1_374' title='bbox 574 3642 646 3693; x_wconf 81' lang='lat' dir='ltr'><strong>sNisi</strong></span> <span class='ocrx_word' id='word_1_375' title='bbox 659 3641 726 3693; x_wconf 90' lang='lat' dir='ltr'><strong>ioris</strong></span> <span class='ocrx_word' id='word_1_376' title='bbox 740 3642 836 3703; x_wconf 88' lang='lat' dir='ltr'><strong>putasti</strong></span> <span class='ocrx_word' id='word_1_377' title='bbox 852 3648 877 3691; x_wconf 93' lang='grc' dir='ltr'><strong>ιι</strong></span> <span class='ocrx_word' id='word_1_378' title='bbox 891 3643 974 3691; x_wconf 92' lang='lat' dir='ltr'><strong>mino·</strong></span> <span class='ocrx_word' id='word_1_379' title='bbox 1011 3641 1159 3693; x_wconf 78' lang='lat' dir='ltr'><strong>scindimus</strong></span> <span class='ocrx_word' id='word_1_380' title='bbox 1188 3652 1267 3705; x_wconf 75' lang='lat' dir='ltr'><strong>equos</strong></span> <span class='ocrx_word' id='word_1_381' title='bbox 1298 3642 1485 3704; x_wconf 75' lang='lat' dir='ltr'><strong>inuisimusque</strong></span> <span class='ocrx_word' id='word_1_382' title='bbox 1509 3644 1657 3701; x_wconf 78' lang='grc' dir='ltr'><strong>ριιιιιιιιιιι</strong></span> 
     </span>
     <span class='ocr_line' id='line_1_34' title="bbox 329 3718 1656 3785; baseline -0.001 -14"><span class='ocrx_word' id='word_1_383' title='bbox 329 3733 385 3772; x_wconf 85' lang='lat' dir='ltr'><strong>rem</strong></span> <span class='ocrx_word' id='word_1_384' title='bbox 407 3733 465 3772; x_wconf 84' lang='lat' dir='ltr'><strong>esse</strong></span> <span class='ocrx_word' id='word_1_385' title='bbox 488 3734 566 3784; x_wconf 80' lang='lat' dir='ltr'><strong>quam</strong></span> <span class='ocrx_word' id='word_1_386' title='bbox 586 3722 720 3773; x_wconf 81' lang='lat' dir='ltr'><strong>Vitellium</strong></span> <span class='ocrx_word' id='word_1_387' title='bbox 738 3734 827 3783; x_wconf 78' lang='lat' dir='ltr'><strong>nenne</strong></span> <span class='ocrx_word' id='word_1_388' title='bbox 846 3726 872 3771; x_wconf 89' lang='grc' dir='ltr'><strong>ιι</strong></span> <span class='ocrx_word' id='word_1_389' title='bbox 896 3723 975 3771; x_wconf 84' lang='lat' dir='ltr'><strong>tantis</strong></span> <span class='ocrx_word' id='word_1_390' title='bbox 1010 3729 1165 3772; x_wconf 78' lang='lat' dir='ltr'><strong>nostrorum</strong></span> <span class='ocrx_word' id='word_1_391' title='bbox 1183 3721 1311 3785; x_wconf 72' lang='lat' dir='ltr'><strong>topasio?</strong></span> <span class='ocrx_word' id='word_1_392' title='bbox 1331 3720 1376 3771; x_wconf 88' lang='lat' dir='ltr'><strong>ubl</strong></span> <span class='ocrx_word' id='word_1_393' title='bbox 1389 3718 1533 3771; x_wconf 74' lang='lat' dir='ltr'><strong>Alschefski</strong></span> <span class='ocrx_word' id='word_1_394' title='bbox 1548 3732 1656 3782; x_wconf 77' lang='lat' dir='ltr'><strong>quoque</strong></span> 
     </span>
     <span class='ocr_line' id='line_1_35' title="bbox 329 3798 1655 3866; baseline -0.002 -15"><span class='ocrx_word' id='word_1_395' title='bbox 329 3804 452 3862; x_wconf 84' lang='lat' dir='ltr'><strong>praemiis</strong></span> <span class='ocrx_word' id='word_1_396' title='bbox 476 3802 598 3866; x_wconf 86' lang='lat' dir='ltr'><strong>dignum,</strong></span> <span class='ocrx_word' id='word_1_397' title='bbox 629 3804 734 3866; x_wconf 74' lang='lat' dir='ltr'><strong>ouantis</strong></span> <span class='ocrx_word' id='word_1_398' title='bbox 758 3800 892 3853; x_wconf 84' lang='lat' dir='ltr'><strong>Vitellium</strong></span> <span class='ocrx_word' id='word_1_399' title='bbox 911 3800 974 3851; x_wconf 89' lang='lat' dir='ltr'><strong>oiim</strong></span> <span class='ocrx_word' id='word_1_400' title='bbox 1012 3801 1189 3864; x_wconf 78' lang='lat' dir='ltr'><strong>interrogsndi</strong></span> <span class='ocrx_word' id='word_1_401' title='bbox 1216 3803 1317 3865; x_wconf 87' lang='lat' dir='ltr'><strong>signnm</strong></span> <span class='ocrx_word' id='word_1_402' title='bbox 1345 3802 1450 3863; x_wconf 78' lang='lat' dir='ltr'><strong>posuit:</strong></span> <span class='ocrx_word' id='word_1_403' title='bbox 1486 3800 1537 3849; x_wconf 89' lang='lat' dir='ltr'><strong>boc</strong></span> <span class='ocrx_word' id='word_1_404' title='bbox 1564 3798 1655 3849; x_wconf 78' lang='lat' dir='ltr'><strong>Tacito</strong></span> 
     </span>
     <span class='ocr_line' id='line_1_36' title="bbox 330 3878 1657 3943; baseline -0.005 -10"><span class='ocrx_word' id='word_1_405' title='bbox 330 3882 432 3933; x_wconf 84' lang='lat' dir='ltr'><strong>ornarit</strong></span> <span class='ocrx_word' id='word_1_406' title='bbox 469 3881 613 3943; x_wconf 79' lang='lat' dir='ltr'><strong>Claudius,</strong></span> <span class='ocrx_word' id='word_1_407' title='bbox 649 3885 705 3934; x_wconf 82' lang='lat' dir='ltr'><strong>sire</strong></span> <span class='ocrx_word' id='word_1_408' title='bbox 737 3894 779 3933; x_wconf 86' lang='lat' dir='ltr'><strong>ms</strong></span> <span class='ocrx_word' id='word_1_409' title='bbox 815 3893 867 3932; x_wconf 92' lang='lat' dir='ltr'><strong>non</strong></span> <span class='ocrx_word' id='word_1_410' title='bbox 899 3893 974 3941; x_wconf 85' lang='lat' dir='ltr'><strong>posse</strong></span> <span class='ocrx_word' id='word_1_411' title='bbox 1012 3883 1070 3933; x_wconf 87' lang='lat' dir='ltr'><strong>loeo</strong></span> <span class='ocrx_word' id='word_1_412' title='bbox 1103 3882 1242 3943; x_wconf 79' lang='lat' dir='ltr'><strong>plerique,</strong></span> <span class='ocrx_word' id='word_1_413' title='bbox 1280 3881 1358 3929; x_wconf 84' lang='lat' dir='ltr'><strong>stiam</strong></span> <span class='ocrx_word' id='word_1_414' title='bbox 1393 3879 1510 3935; x_wconf 83' lang='grc' dir='ltr'><strong>Βιιιιιι.</strong></span> <span class='ocrx_word' id='word_1_415' title='bbox 1548 3878 1657 3940; x_wconf 81' lang='lat' dir='ltr'><strong>simplas</strong></span> 
     </span>
     <span class='ocr_line' id='line_1_37' title="bbox 330 3954 1656 4026; baseline -0.002 -15"><span class='ocrx_word' id='word_1_416' title='bbox 330 3974 381 4015; x_wconf 85' lang='lat' dir='ltr'><strong>nec</strong></span> <span class='ocrx_word' id='word_1_417' title='bbox 401 3960 466 4013; x_wconf 86' lang='lat' dir='ltr'><strong>sella</strong></span> <span class='ocrx_word' id='word_1_418' title='bbox 485 3964 557 4022; x_wconf 85' lang='lat' dir='ltr'><strong>paris</strong></span> <span class='ocrx_word' id='word_1_419' title='bbox 576 3963 624 4012; x_wconf 84' lang='lat' dir='ltr'><strong>unt</strong></span> <span class='ocrx_word' id='word_1_420' title='bbox 642 3963 728 4026; x_wconf 86' lang='lat' dir='ltr'><strong>largiri</strong></span> <span class='ocrx_word' id='word_1_421' title='bbox 749 3967 829 4024; x_wconf 82' lang='lat' dir='ltr'><strong>stone</strong></span> <span class='ocrx_word' id='word_1_422' title='bbox 850 3960 975 4011; x_wconf 81' lang='lat' dir='ltr'><strong>Claudius</strong></span> <span class='ocrx_word' id='word_1_423' title='bbox 1013 3966 1148 4025; x_wconf 90' lang='lat' dir='ltr'><strong>punctum.</strong></span> <span class='ocrx_word' id='word_1_424' title='bbox 1169 3958 1233 4022; x_wconf 84' lang='lat' dir='ltr'><strong>(Cir.</strong></span> <span class='ocrx_word' id='word_1_425' title='bbox 1246 3959 1340 4010; x_wconf 86' lang='lat' dir='ltr'><strong>Wslcb</strong></span> <span class='ocrx_word' id='word_1_426' title='bbox 1353 3957 1551 4009; x_wconf 67' lang='lat' dir='ltr'><strong>umescens.</strong></span> <span class='ocrx_word' id='word_1_427' title='bbox 1563 3954 1656 4023; x_wconf 72' lang='lat' dir='ltr'><strong>pili-i</strong></span> 
     </span>
     <span class='ocr_line' id='line_1_38' title="bbox 329 4038 1656 4105; baseline 0 -18"><span class='ocrx_word' id='word_1_428' title='bbox 329 4040 435 4093; x_wconf 81' lang='lat' dir='ltr'><strong>vitellio</strong></span> <span class='ocrx_word' id='word_1_429' title='bbox 452 4041 559 4105; x_wconf 83' lang='lat' dir='ltr'><strong>lsrgitus</strong></span> <span class='ocrx_word' id='word_1_430' title='bbox 578 4048 645 4094; x_wconf 81' lang='lat' dir='ltr'><strong>est.»</strong></span> <span class='ocrx_word' id='word_1_431' title='bbox 665 4067 695 4081; x_wconf 91' lang='lat'><em>-</em></span> <span class='ocrx_word' id='word_1_432' title='bbox 720 4039 873 4105; x_wconf 84' lang='lat' dir='ltr'><strong>postponis]</strong></span> <span class='ocrx_word' id='word_1_433' title='bbox 902 4040 975 4091; x_wconf 84' lang='lat' dir='ltr'><strong>iisse</strong></span> <span class='ocrx_word' id='word_1_434' title='bbox 1013 4044 1104 4094; x_wconf 78' lang='lat' dir='ltr'><strong>suase</strong></span> <span class='ocrx_word' id='word_1_435' title='bbox 1121 4040 1218 4101; x_wconf 85' lang='lat' dir='ltr'><strong>sorba,</strong></span> <span class='ocrx_word' id='word_1_436' title='bbox 1238 4040 1335 4101; x_wconf 79' lang='lat' dir='ltr'><strong>unibus</strong></span> <span class='ocrx_word' id='word_1_437' title='bbox 1352 4039 1422 4089; x_wconf 87' lang='lat' dir='ltr'><strong>lisso</strong></span> <span class='ocrx_word' id='word_1_438' title='bbox 1435 4042 1527 4090; x_wconf 79' lang='lat' dir='ltr'><strong>ments</strong></span> <span class='ocrx_word' id='word_1_439' title='bbox 1540 4038 1656 4092; x_wconf 78' lang='lat' dir='ltr'><strong>senense</strong></span> 
     </span>
     <span class='ocr_line' id='line_1_39' title="bbox 328 4117 1655 4183; baseline -0.006 -9"><span class='ocrx_word' id='word_1_440' title='bbox 328 4121 404 4174; x_wconf 84' lang='lat' dir='ltr'><strong>bled.</strong></span> <span class='ocrx_word' id='word_1_441' title='bbox 424 4122 501 4172; x_wconf 86' lang='lat' dir='ltr'><strong>lectio</strong></span> <span class='ocrx_word' id='word_1_442' title='bbox 518 4124 596 4174; x_wconf 83' lang='lat' dir='ltr'><strong>unita</strong></span> <span class='ocrx_word' id='word_1_443' title='bbox 614 4135 674 4175; x_wconf 83' lang='lat' dir='ltr'><strong>rora</strong></span> <span class='ocrx_word' id='word_1_444' title='bbox 698 4127 756 4183; x_wconf 88' lang='lat' dir='ltr'><strong>ert,</strong></span> <span class='ocrx_word' id='word_1_445' title='bbox 782 4121 920 4173; x_wconf 83' lang='lat' dir='ltr'><strong>isisissisna</strong></span> <span class='ocrx_word' id='word_1_446' title='bbox 938 4120 975 4171; x_wconf 86' lang='lat' dir='ltr'><strong>al·</strong></span> <span class='ocrx_word' id='word_1_447' title='bbox 1014 4123 1047 4173; x_wconf 90' lang='lat' dir='ltr'><strong>ds</strong></span> <span class='ocrx_word' id='word_1_448' title='bbox 1065 4133 1094 4172; x_wconf 88' lang='lat' dir='ltr'><strong>ss</strong></span> <span class='ocrx_word' id='word_1_449' title='bbox 1113 4120 1200 4173; x_wconf 87' lang='lat' dir='ltr'><strong>denuo</strong></span> <span class='ocrx_word' id='word_1_450' title='bbox 1219 4126 1356 4178; x_wconf 79' lang='lat' dir='ltr'><strong>recenset,</strong></span> <span class='ocrx_word' id='word_1_451' title='bbox 1376 4117 1495 4170; x_wconf 89' lang='lat' dir='ltr'><strong>ordtnsrn</strong></span> <span class='ocrx_word' id='word_1_452' title='bbox 1514 4122 1655 4170; x_wconf 84' lang='lat' dir='ltr'><strong>sententis·</strong></span> 
     </span>
     <span class='ocr_line' id='line_1_40' title="bbox 329 4198 1656 4265; baseline -0.005 -12"><span class='ocrx_word' id='word_1_453' title='bbox 329 4208 386 4253; x_wconf 81' lang='lat' dir='ltr'><strong>tere</strong></span> <span class='ocrx_word' id='word_1_454' title='bbox 411 4204 574 4265; x_wconf 79' lang='lat' dir='ltr'><strong>praeponis.</strong></span> <span class='ocrx_word' id='word_1_455' title='bbox 614 4202 729 4265; x_wconf 86' lang='lat' dir='ltr'><strong>praelata</strong></span> <span class='ocrx_word' id='word_1_456' title='bbox 760 4215 775 4253; x_wconf 93' lang='lat' dir='ltr'><strong>s</strong></span> <span class='ocrx_word' id='word_1_457' title='bbox 803 4202 972 4264; x_wconf 84' lang='lat' dir='ltr'><strong>litesslingio.</strong></span> <span class='ocrx_word' id='word_1_458' title='bbox 1012 4214 1068 4251; x_wconf 90' lang='lat' dir='ltr'><strong>rurn</strong></span> <span class='ocrx_word' id='word_1_459' title='bbox 1083 4199 1191 4251; x_wconf 86' lang='lat' dir='ltr'><strong>turbant</strong></span> <span class='ocrx_word' id='word_1_460' title='bbox 1204 4206 1231 4249; x_wconf 91' lang='grc' dir='ltr'><strong>ιι</strong></span> <span class='ocrx_word' id='word_1_461' title='bbox 1245 4202 1451 4260; x_wconf 86' lang='lat' dir='ltr'><strong>interrumpunt.</strong></span> <span class='ocrx_word' id='word_1_462' title='bbox 1470 4198 1555 4249; x_wconf 86' lang='lat' dir='ltr'><strong>biulto</strong></span> <span class='ocrx_word' id='word_1_463' title='bbox 1569 4202 1656 4260; x_wconf 82' lang='lat' dir='ltr'><strong>aptius</strong></span> 
     </span>
     <span class='ocr_line' id='line_1_41' title="bbox 329 4278 1657 4352; baseline -0.004 -20"><span class='ocrx_word' id='word_1_464' title='bbox 329 4281 427 4333; x_wconf 76' lang='lat' dir='ltr'><strong>Amare</strong></span> <span class='ocrx_word' id='word_1_465' title='bbox 444 4294 503 4333; x_wconf 89' lang='lat' dir='ltr'><strong>cnm</strong></span> <span class='ocrx_word' id='word_1_466' title='bbox 516 4282 649 4352; x_wconf 72' lang='lat' dir='ltr'><strong>aipouslrg</strong></span> <span class='ocrx_word' id='word_1_467' title='bbox 662 4283 711 4333; x_wconf 87' lang='lat' dir='ltr'><strong>boe</strong></span> <span class='ocrx_word' id='word_1_468' title='bbox 723 4284 806 4334; x_wconf 80' lang='lat' dir='ltr'><strong>dicit:</strong></span> <span class='ocrx_word' id='word_1_469' title='bbox 829 4284 974 4332; x_wconf 80' lang='lat' dir='ltr'><strong>mistione</strong></span> <span class='ocrx_word' id='word_1_470' title='bbox 1013 4292 1090 4342; x_wconf 91' lang='lat' dir='ltr'><strong>supra</strong></span> <span class='ocrx_word' id='word_1_471' title='bbox 1111 4281 1260 4343; x_wconf 86' lang='lat' dir='ltr'><strong>legerentur</strong></span> <span class='ocrx_word' id='word_1_472' title='bbox 1272 4284 1330 4340; x_wconf 90' lang='lat' dir='ltr'><strong>post</strong></span> <span class='ocrx_word' id='word_1_473' title='bbox 1344 4278 1404 4336; x_wconf 87' lang='lat' dir='ltr'><strong>iiis,</strong></span> <span class='ocrx_word' id='word_1_474' title='bbox 1427 4279 1562 4328; x_wconf 78' lang='lat' dir='ltr'><strong>inuentum</strong></span> <span class='ocrx_word' id='word_1_475' title='bbox 1572 4291 1657 4328; x_wconf 81' lang='lat' dir='ltr'><strong>rreum</strong></span> 
     </span>
     <span class='ocr_line' id='line_1_42' title="bbox 330 4356 1657 4424; baseline -0.003 -13"><span class='ocrx_word' id='word_1_476' title='bbox 330 4367 357 4413; x_wconf 90' lang='grc' dir='ltr'><strong>ιι</strong></span> <span class='ocrx_word' id='word_1_477' title='bbox 375 4364 502 4413; x_wconf 85' lang='lat' dir='ltr'><strong>minorem</strong></span> <span class='ocrx_word' id='word_1_478' title='bbox 521 4366 628 4422; x_wconf 84' lang='lat' dir='ltr'><strong>reputas</strong></span> <span class='ocrx_word' id='word_1_479' title='bbox 646 4362 767 4422; x_wconf 82' lang='lat' dir='ltr'><strong>Vitellio,</strong></span> <span class='ocrx_word' id='word_1_480' title='bbox 786 4375 829 4413; x_wconf 85' lang='lat' dir='ltr'><strong>sne</strong></span> <span class='ocrx_word' id='word_1_481' title='bbox 841 4362 972 4413; x_wconf 79' lang='lat' dir='ltr'><strong>Claudius</strong></span> <span class='ocrx_word' id='word_1_482' title='bbox 1012 4360 1127 4424; x_wconf 69' lang='lat' dir='ltr'><strong>fovisti.»</strong></span> <span class='ocrx_word' id='word_1_483' title='bbox 1147 4359 1235 4409; x_wconf 83' lang='lat' dir='ltr'><strong>boso.</strong></span> <span class='ocrx_word' id='word_1_484' title='bbox 1273 4358 1356 4408; x_wconf 87' lang='lat' dir='ltr'><strong>immo</strong></span> <span class='ocrx_word' id='word_1_485' title='bbox 1374 4356 1520 4408; x_wconf 85' lang='lat' dir='ltr'><strong>admirabili</strong></span> <span class='ocrx_word' id='word_1_486' title='bbox 1538 4364 1594 4407; x_wconf 86' lang='lat' dir='ltr'><strong>asts</strong></span> <span class='ocrx_word' id='word_1_487' title='bbox 1606 4356 1657 4407; x_wconf 84' lang='lat' dir='ltr'><strong>Ts-</strong></span> 
     </span>
     <span class='ocr_line' id='line_1_43' title="bbox 331 4437 1657 4504; baseline -0.005 -10"><span class='ocrx_word' id='word_1_488' title='bbox 331 4454 392 4494; x_wconf 88' lang='lat' dir='ltr'><strong>cum</strong></span> <span class='ocrx_word' id='word_1_489' title='bbox 417 4446 530 4504; x_wconf 81' lang='lat' dir='ltr'><strong>uterque</strong></span> <span class='ocrx_word' id='word_1_490' title='bbox 556 4442 631 4493; x_wconf 91' lang='lat' dir='ltr'><strong>nobis</strong></span> <span class='ocrx_word' id='word_1_491' title='bbox 656 4443 738 4504; x_wconf 86' lang='lat' dir='ltr'><strong>proba</strong></span> <span class='ocrx_word' id='word_1_492' title='bbox 764 4445 862 4493; x_wconf 81' lang='lat' dir='ltr'><strong>conscii</strong></span> <span class='ocrx_word' id='word_1_493' title='bbox 880 4444 973 4501; x_wconf 88' lang='lat' dir='ltr'><strong>simus,</strong></span> <span class='ocrx_word' id='word_1_494' title='bbox 1013 4443 1076 4499; x_wconf 85' lang='lat' dir='ltr'><strong>niti,</strong></span> <span class='ocrx_word' id='word_1_495' title='bbox 1101 4441 1197 4489; x_wconf 90' lang='lat' dir='ltr'><strong>summi</strong></span> <span class='ocrx_word' id='word_1_496' title='bbox 1214 4438 1344 4489; x_wconf 88' lang='lat' dir='ltr'><strong>scribendi</strong></span> <span class='ocrx_word' id='word_1_497' title='bbox 1364 4439 1498 4500; x_wconf 78' lang='lat' dir='ltr'><strong>magistri,</strong></span> <span class='ocrx_word' id='word_1_498' title='bbox 1526 4440 1571 4500; x_wconf 79' lang='lat' dir='ltr'><strong>qui</strong></span> <span class='ocrx_word' id='word_1_499' title='bbox 1591 4437 1657 4487; x_wconf 87' lang='lat' dir='ltr'><strong>nibil</strong></span> 
     </span>
     <span class='ocr_line' id='line_1_44' title="bbox 331 4516 1659 4585; baseline -0.005 -12"><span class='ocrx_word' id='word_1_500' title='bbox 331 4528 432 4585; x_wconf 79' lang='lat' dir='ltr'><strong>guasto</strong></span> <span class='ocrx_word' id='word_1_501' title='bbox 450 4528 478 4571; x_wconf 92' lang='lat' dir='ltr'><strong>tu</strong></span> <span class='ocrx_word' id='word_1_502' title='bbox 496 4521 619 4582; x_wconf 80' lang='lat' dir='ltr'><strong>Vitellio,</strong></span> <span class='ocrx_word' id='word_1_503' title='bbox 649 4526 698 4574; x_wconf 85' lang='lat' dir='ltr'><strong>etsi</strong></span> <span class='ocrx_word' id='word_1_504' title='bbox 717 4528 757 4573; x_wconf 85' lang='grc' dir='ltr'><strong>ιιι</strong></span> <span class='ocrx_word' id='word_1_505' title='bbox 782 4521 898 4580; x_wconf 88' lang='lat' dir='ltr'><strong>consuli,</strong></span> <span class='ocrx_word' id='word_1_506' title='bbox 927 4534 975 4585; x_wconf 81' lang='lat' dir='ltr'><strong>ego</strong></span> <span class='ocrx_word' id='word_1_507' title='bbox 1013 4533 1064 4572; x_wconf 88' lang='lat' dir='ltr'><strong>non</strong></span> <span class='ocrx_word' id='word_1_508' title='bbox 1084 4532 1132 4570; x_wconf 88' lang='lat' dir='ltr'><strong>suo</strong></span> <span class='ocrx_word' id='word_1_509' title='bbox 1150 4518 1209 4567; x_wconf 88' lang='lat' dir='ltr'><strong>loeo</strong></span> <span class='ocrx_word' id='word_1_510' title='bbox 1222 4522 1328 4579; x_wconf 85' lang='lat' dir='ltr'><strong>posuit,</strong></span> <span class='ocrx_word' id='word_1_511' title='bbox 1348 4524 1502 4579; x_wconf 86' lang='lat' dir='ltr'><strong>personatus</strong></span> <span class='ocrx_word' id='word_1_512' title='bbox 1516 4516 1586 4568; x_wconf 86' lang='lat' dir='ltr'><strong>Nero</strong></span> <span class='ocrx_word' id='word_1_513' title='bbox 1599 4522 1659 4578; x_wconf 82' lang='lat' dir='ltr'><strong>post</strong></span> 
     </span>
     <span class='ocr_line' id='line_1_45' title="bbox 330 4596 1659 4665; baseline -0.005 -12"><span class='ocrx_word' id='word_1_514' title='bbox 330 4602 402 4654; x_wconf 90' lang='lat' dir='ltr'><strong>istno</strong></span> <span class='ocrx_word' id='word_1_515' title='bbox 421 4601 458 4653; x_wconf 87' lang='lat' dir='ltr'><strong>itti</strong></span> <span class='ocrx_word' id='word_1_516' title='bbox 477 4600 588 4653; x_wconf 80' lang='lat' dir='ltr'><strong>etsuito</strong></span> <span class='ocrx_word' id='word_1_517' title='bbox 600 4610 790 4664; x_wconf 81' lang='lat' dir='ltr'><strong>praestamus.»</strong></span> <span class='ocrx_word' id='word_1_518' title='bbox 804 4627 834 4640; x_wconf 90' lang='lat'><em>-</em></span> <span class='ocrx_word' id='word_1_519' title='bbox 857 4598 974 4665; x_wconf 82' lang='lat' dir='ltr'><strong>Volusio]</strong></span> <span class='ocrx_word' id='word_1_520' title='bbox 1013 4610 1138 4651; x_wconf 81' lang='lat' dir='ltr'><strong>neronum</strong></span> <span class='ocrx_word' id='word_1_521' title='bbox 1157 4598 1344 4649; x_wconf 79' lang='lat' dir='ltr'><strong>beneficiorum</strong></span> <span class='ocrx_word' id='word_1_522' title='bbox 1367 4598 1550 4659; x_wconf 75' lang='lat' dir='ltr'><strong>bonorumque</strong></span> <span class='ocrx_word' id='word_1_523' title='bbox 1570 4596 1659 4649; x_wconf 87' lang='lat' dir='ltr'><strong>tileca-</strong></span> 
     </span>
     <span class='ocr_line' id='line_1_46' title="bbox 331 4677 1657 4743; baseline -0.002 -11"><span class='ocrx_word' id='word_1_524' title='bbox 331 4683 370 4734; x_wconf 90' lang='grc' dir='ltr'><strong>Βι</strong></span> <span class='ocrx_word' id='word_1_525' title='bbox 397 4682 428 4732; x_wconf 87' lang='lat' dir='ltr'><strong>L.</strong></span> <span class='ocrx_word' id='word_1_526' title='bbox 449 4681 559 4733; x_wconf 77' lang='lat' dir='ltr'><strong>Volusio</strong></span> <span class='ocrx_word' id='word_1_527' title='bbox 586 4681 634 4733; x_wconf 87' lang='lat' dir='ltr'><strong>cir.</strong></span> <span class='ocrx_word' id='word_1_528' title='bbox 660 4684 711 4743; x_wconf 83' lang='lat' dir='ltr'><strong>tit,</strong></span> <span class='ocrx_word' id='word_1_529' title='bbox 729 4681 774 4731; x_wconf 87' lang='grc'><strong>30.</strong></span> <span class='ocrx_word' id='word_1_530' title='bbox 812 4682 875 4731; x_wconf 78' lang='lat' dir='ltr'><strong>liius</strong></span> <span class='ocrx_word' id='word_1_531' title='bbox 901 4686 976 4743; x_wconf 83' lang='lat' dir='ltr'><strong>pater</strong></span> <span class='ocrx_word' id='word_1_532' title='bbox 1013 4682 1070 4730; x_wconf 87' lang='lat' dir='ltr'><strong>bras</strong></span> <span class='ocrx_word' id='word_1_533' title='bbox 1092 4685 1200 4739; x_wconf 85' lang='lat' dir='ltr'><strong>repente</strong></span> <span class='ocrx_word' id='word_1_534' title='bbox 1226 4678 1374 4740; x_wconf 87' lang='lat' dir='ltr'><strong>pbilosopbi</strong></span> <span class='ocrx_word' id='word_1_535' title='bbox 1400 4679 1518 4726; x_wconf 89' lang='lat' dir='ltr'><strong>animum</strong></span> <span class='ocrx_word' id='word_1_536' title='bbox 1546 4677 1595 4728; x_wconf 89' lang='lat' dir='ltr'><strong>bas</strong></span> <span class='ocrx_word' id='word_1_537' title='bbox 1614 4691 1657 4729; x_wconf 87' lang='lat' dir='ltr'><strong>ex·</strong></span> 
     </span>
     <span class='ocr_line' id='line_1_47' title="bbox 331 4756 1657 4821; baseline -0.004 -7"><span class='ocrx_word' id='word_1_538' title='bbox 331 4764 388 4814; x_wconf 87' lang='lat' dir='ltr'><strong>sins</strong></span> <span class='ocrx_word' id='word_1_539' title='bbox 416 4760 496 4812; x_wconf 90' lang='lat' dir='ltr'><strong>dubio</strong></span> <span class='ocrx_word' id='word_1_540' title='bbox 521 4760 573 4811; x_wconf 91' lang='lat' dir='ltr'><strong>iuit</strong></span> <span class='ocrx_word' id='word_1_541' title='bbox 599 4762 642 4813; x_wconf 89' lang='lat' dir='ltr'><strong>itis</strong></span> <span class='ocrx_word' id='word_1_542' title='bbox 669 4762 699 4812; x_wconf 89' lang='lat' dir='ltr'><strong>l..</strong></span> <span class='ocrx_word' id='word_1_543' title='bbox 726 4762 870 4821; x_wconf 81' lang='lat' dir='ltr'><strong>Volusius,</strong></span> <span class='ocrx_word' id='word_1_544' title='bbox 900 4762 975 4811; x_wconf 89' lang='lat' dir='ltr'><strong>cuius</strong></span> <span class='ocrx_word' id='word_1_545' title='bbox 1012 4761 1180 4816; x_wconf 82' lang='lat' dir='ltr'><strong>hortatione,</strong></span> <span class='ocrx_word' id='word_1_546' title='bbox 1201 4764 1229 4806; x_wconf 91' lang='lat' dir='ltr'><strong>nt</strong></span> <span class='ocrx_word' id='word_1_547' title='bbox 1242 4760 1277 4807; x_wconf 87' lang='lat' dir='ltr'><strong>its</strong></span> <span class='ocrx_word' id='word_1_548' title='bbox 1290 4758 1394 4817; x_wconf 85' lang='lat' dir='ltr'><strong>dicam,</strong></span> <span class='ocrx_word' id='word_1_549' title='bbox 1412 4756 1563 4821; x_wconf 84' lang='lat' dir='ltr'><strong>aggreditur</strong></span> <span class='ocrx_word' id='word_1_550' title='bbox 1576 4762 1657 4821; x_wconf 80' lang='lat' dir='ltr'><strong>atque</strong></span> 
     </span>
     <span class='ocr_line' id='line_1_48' title="bbox 330 4837 1658 4902; baseline -0.003 -10"><span class='ocrx_word' id='word_1_551' title='bbox 330 4846 441 4893; x_wconf 84' lang='lat' dir='ltr'><strong>mortem</strong></span> <span class='ocrx_word' id='word_1_552' title='bbox 459 4841 583 4900; x_wconf 79' lang='lat' dir='ltr'><strong>reterre,</strong></span> <span class='ocrx_word' id='word_1_553' title='bbox 597 4841 640 4891; x_wconf 86' lang='grc'><strong>30.</strong></span> <span class='ocrx_word' id='word_1_554' title='bbox 678 4842 756 4892; x_wconf 86' lang='lat' dir='ltr'><strong>ilsud</strong></span> <span class='ocrx_word' id='word_1_555' title='bbox 770 4849 840 4893; x_wconf 85' lang='lat' dir='ltr'><strong>recta</strong></span> <span class='ocrx_word' id='word_1_556' title='bbox 854 4841 974 4902; x_wconf 80' lang='lat' dir='ltr'><strong>plerique</strong></span> <span class='ocrx_word' id='word_1_557' title='bbox 1012 4842 1111 4895; x_wconf 87' lang='lat' dir='ltr'><strong>irretit,</strong></span> <span class='ocrx_word' id='word_1_558' title='bbox 1132 4852 1186 4901; x_wconf 80' lang='lat' dir='ltr'><strong>quo</strong></span> <span class='ocrx_word' id='word_1_559' title='bbox 1205 4838 1310 4889; x_wconf 84' lang='lat' dir='ltr'><strong>Stoicus</strong></span> <span class='ocrx_word' id='word_1_560' title='bbox 1327 4837 1436 4888; x_wconf 84' lang='lat' dir='ltr'><strong>meliora</strong></span> <span class='ocrx_word' id='word_1_561' title='bbox 1455 4849 1547 4887; x_wconf 85' lang='lat' dir='ltr'><strong>rursus</strong></span> <span class='ocrx_word' id='word_1_562' title='bbox 1566 4838 1598 4889; x_wconf 89' lang='lat' dir='ltr'><strong>de</strong></span> <span class='ocrx_word' id='word_1_563' title='bbox 1618 4838 1658 4888; x_wconf 88' lang='lat' dir='ltr'><strong>di·</strong></span> 
     </span>
     <span class='ocr_line' id='line_1_49' title="bbox 331 4917 1655 4983; baseline -0.003 -12"><span class='ocrx_word' id='word_1_564' title='bbox 331 4927 392 4983; x_wconf 90' lang='lat' dir='ltr'><strong>pust</strong></span> <span class='ocrx_word' id='word_1_565' title='bbox 409 4921 525 4981; x_wconf 86' lang='lat' dir='ltr'><strong>Lipsium</strong></span> <span class='ocrx_word' id='word_1_566' title='bbox 543 4923 700 4981; x_wconf 87' lang='lat' dir='ltr'><strong>interpretes</strong></span> <span class='ocrx_word' id='word_1_567' title='bbox 719 4920 752 4972; x_wconf 89' lang='lat' dir='ltr'><strong>sd</strong></span> <span class='ocrx_word' id='word_1_568' title='bbox 770 4921 840 4970; x_wconf 81' lang='lat' dir='ltr'><strong>bunc</strong></span> <span class='ocrx_word' id='word_1_569' title='bbox 858 4920 976 4970; x_wconf 78' lang='lat' dir='ltr'><strong>referunt</strong></span> <span class='ocrx_word' id='word_1_570' title='bbox 1012 4919 1113 4979; x_wconf 86' lang='lat' dir='ltr'><strong>scipnlo</strong></span> <span class='ocrx_word' id='word_1_571' title='bbox 1144 4918 1177 4969; x_wconf 89' lang='lat' dir='ltr'><strong>sd</strong></span> <span class='ocrx_word' id='word_1_572' title='bbox 1206 4924 1328 4970; x_wconf 80' lang='lat' dir='ltr'><strong>virtutem</strong></span> <span class='ocrx_word' id='word_1_573' title='bbox 1355 4917 1524 4978; x_wconf 79' lang='lat' dir='ltr'><strong>perducendo</strong></span> <span class='ocrx_word' id='word_1_574' title='bbox 1558 4923 1655 4978; x_wconf 84' lang='lat' dir='ltr'><strong>speret.</strong></span> 
     </span>
     <span class='ocr_line' id='line_1_50' title="bbox 331 4999 1657 5063; baseline -0.004 -11"><span class='ocrx_word' id='word_1_575' title='bbox 331 5003 417 5053; x_wconf 86' lang='lat' dir='ltr'><strong>iocum</strong></span> <span class='ocrx_word' id='word_1_576' title='bbox 443 5000 499 5051; x_wconf 86' lang='lat' dir='ltr'><strong>Silii</strong></span> <span class='ocrx_word' id='word_1_577' title='bbox 521 5000 605 5052; x_wconf 81' lang='lat' dir='ltr'><strong>italici</strong></span> <span class='ocrx_word' id='word_1_578' title='bbox 623 5002 655 5063; x_wconf 84' lang='lat'><strong>5,</strong></span> <span class='ocrx_word' id='word_1_579' title='bbox 674 5000 744 5051; x_wconf 71' lang='lat'><strong>261³</strong></span> <span class='ocrx_word' id='word_1_580' title='bbox 775 5000 852 5049; x_wconf 84' lang='lat' dir='ltr'><strong>linito</strong></span> <span class='ocrx_word' id='word_1_581' title='bbox 878 4999 977 5049; x_wconf 83' lang='lat' dir='ltr'><strong>ditissi-</strong></span> <span class='ocrx_word' id='word_1_582' title='bbox 1012 5000 1099 5062; x_wconf 77' lang='lat' dir='ltr'><strong>Atque</strong></span> <span class='ocrx_word' id='word_1_583' title='bbox 1134 5002 1188 5060; x_wconf 86' lang='lat' dir='ltr'><strong>ipss</strong></span> <span class='ocrx_word' id='word_1_584' title='bbox 1223 5000 1287 5051; x_wconf 85' lang='lat' dir='ltr'><strong>baec</strong></span> <span class='ocrx_word' id='word_1_585' title='bbox 1316 5001 1493 5059; x_wconf 81' lang='lat' dir='ltr'><strong>inexspectstu</strong></span> <span class='ocrx_word' id='word_1_586' title='bbox 1526 5000 1657 5049; x_wconf 82' lang='lat' dir='ltr'><strong>sententia</strong></span> 
     </span>
     <span class='ocr_line' id='line_1_51' title="bbox 332 5077 1658 5145; baseline -0.002 -15"><span class='ocrx_word' id='word_1_587' title='bbox 332 5092 389 5130; x_wconf 83' lang='grc' dir='ltr'><strong>ιιιιιι</strong></span> <span class='ocrx_word' id='word_1_588' title='bbox 405 5082 466 5144; x_wconf 73' lang='lat' dir='ltr'><strong>apri</strong></span> <span class='ocrx_word' id='word_1_589' title='bbox 483 5079 631 5134; x_wconf 81' lang='lat' dir='ltr'><strong>Oreombis.</strong></span> <span class='ocrx_word' id='word_1_590' title='bbox 650 5080 974 5145; x_wconf 63' lang='lat' dir='ltr'><strong>emmeramensem..</strong></span> <span class='ocrx_word' id='word_1_591' title='bbox 1013 5081 1114 5143; x_wconf 84' lang='lat' dir='ltr'><strong>egregie</strong></span> <span class='ocrx_word' id='word_1_592' title='bbox 1140 5079 1221 5130; x_wconf 81' lang='lat' dir='ltr'><strong>scissi</strong></span> <span class='ocrx_word' id='word_1_593' title='bbox 1238 5080 1353 5140; x_wconf 85' lang='lat' dir='ltr'><strong>speeiem</strong></span> <span class='ocrx_word' id='word_1_594' title='bbox 1372 5078 1496 5127; x_wconf 87' lang='lat' dir='ltr'><strong>orationis</strong></span> <span class='ocrx_word' id='word_1_595' title='bbox 1515 5077 1584 5127; x_wconf 86' lang='lat' dir='ltr'><strong>band</strong></span> <span class='ocrx_word' id='word_1_596' title='bbox 1603 5090 1658 5127; x_wconf 87' lang='lat' dir='ltr'><strong>me·</strong></span> 
     </span>
     <span class='ocr_line' id='line_1_52' title="bbox 335 5158 1656 5222; baseline -0.003 -11"><span class='ocrx_word' id='word_1_597' title='bbox 335 5159 381 5211; x_wconf 89' lang='lat' dir='ltr'><strong>ubi</strong></span> <span class='ocrx_word' id='word_1_598' title='bbox 399 5158 536 5211; x_wconf 86' lang='lat' dir='ltr'><strong>nauiiesto</strong></span> <span class='ocrx_word' id='word_1_599' title='bbox 561 5160 594 5212; x_wconf 90' lang='lat' dir='ltr'><strong>de</strong></span> <span class='ocrx_word' id='word_1_600' title='bbox 617 5158 744 5213; x_wconf 85' lang='lat' dir='ltr'><strong>bellatore</strong></span> <span class='ocrx_word' id='word_1_601' title='bbox 761 5159 842 5222; x_wconf 76' lang='lat' dir='ltr'><strong>siro,</strong></span> <span class='ocrx_word' id='word_1_602' title='bbox 871 5173 924 5210; x_wconf 85' lang='lat' dir='ltr'><strong>nos</strong></span> <span class='ocrx_word' id='word_1_603' title='bbox 942 5160 975 5212; x_wconf 87' lang='lat' dir='ltr'><strong>ds</strong></span> <span class='ocrx_word' id='word_1_604' title='bbox 1013 5159 1130 5221; x_wconf 82' lang='lat' dir='ltr'><strong>ditstne,</strong></span> <span class='ocrx_word' id='word_1_605' title='bbox 1161 5158 1208 5211; x_wconf 88' lang='lat' dir='ltr'><strong>sed</strong></span> <span class='ocrx_word' id='word_1_606' title='bbox 1243 5170 1274 5210; x_wconf 84' lang='grc' dir='ltr'><strong>ιι</strong></span> <span class='ocrx_word' id='word_1_607' title='bbox 1301 5160 1393 5211; x_wconf 88' lang='lat' dir='ltr'><strong>intima</strong></span> <span class='ocrx_word' id='word_1_608' title='bbox 1417 5158 1498 5211; x_wconf 82' lang='lat' dir='ltr'><strong>animi</strong></span> <span class='ocrx_word' id='word_1_609' title='bbox 1526 5158 1656 5209; x_wconf 83' lang='lat' dir='ltr'><strong>sententia</strong></span> 
     </span>
    </p>
   </div>
   <div class='ocr_carea' id='block_1_5' title="bbox 0 0 1878 5917">
    <p class='ocr_par' dir='ltr' id='par_1_5' title="bbox 0 0 1878 5917">
     <span class='ocr_line' id='line_1_53' title="bbox 0 0 1878 5917; baseline 0 0"><span class='ocrx_word' id='word_1_610' title='bbox 0 0 1878 5917; x_wconf 95' lang='lat' dir='ltr'><strong> </strong></span> 
     </span>
    </p>
   </div>
  </div>
 </body>
</html>
