3734 5917
335 473 398 544 lit
732 474 919 542 CORNELII
940 472 1073 540 TACITI
1093 474 1301 550 ANNALlllll

334 637 464 703 sobrina
486 635 576 724 prior
595 655 633 702 ac
654 637 752 702 Gnaei
771 635 877 700 mariti
905 632 974 700 eins
997 653 1108 711 soror,
1142 654 1252 722 parem
1276 635 1338 702 sibi
1359 630 1578 700 claritudinem
1598 651 1678 700 cre-

335 747 440 816 debat.
462 769 523 815 uec
542 747 645 816 iorma
667 756 753 814 aetas
773 767 851 834 opes
872 746 1004 814 mulium
1025 745 1197 828 distabani;
1219 757 1251 814 et
1267 756 1400 835 utraque
1421 749 1567 834 inpudica
1588 747 1679 812 inia-

334 861 395 928 mis
416 863 565 936 violenta,
599 863 686 927 haud
705 860 808 928 miuus
829 859 914 926 vitiis
936 858 1191 939 aemulabantur,
1227 881 1321 947 quam
1344 863 1372 926 si
1394 880 1456 947 qua
1477 881 1517 926 cx
1541 859 1676 926 fortuna

333 995 486 1063 prospera
505 982 701 1062 acceperant.
723 973 886 1039 enimvero
907 981 1067 1040 certamen
1082 974 1289 1051 acerrimum,
1312 974 1407 1042 amita
1422 977 1526 1061 potius
1541 994 1580 1039 au
1600 994 1675 1039 ma-

311 1097 385 1156 ster
407 1091 491 1176 apud
511 1091 668 1154 Neronem
684 1086 893 1174 praevaleret:
920 1107 993 1153 nam
1014 1086 1131 1175 Lepida
1150 1087 1370 1154 blandimentis
1393 1107 1429 1154 ac
1449 1085 1675 1173 largitionibus
1716 1167 1720 1176 ¹

334 1202 503 1269 iuvenilem
525 1201 664 1268 animum
688 1200 903 1277 devinciebat,
934 1203 1017 1266 truci
1044 1208 1153 1267 contra
1174 1221 1210 1267 ac
1235 1203 1349 1268 minaci
1374 1199 1558 1289 Agrippina,
1588 1219 1676 1285 quae

334 1313 401 1382 tilio
415 1313 491 1382 dare
504 1314 693 1400 imperium,
716 1313 855 1381 tolerare
868 1316 1102 1401 imperitantem
1116 1315 1277 1404 nequibat.
1308 1313 1368 1400 (65)
1392 1323 1531 1382 ceterum
1547 1310 1677 1380 obiecta

334 1436 409 1495 saut
435 1432 521 1515 quod
552 1428 719 1514 coniugem
745 1426 895 1514 principis
925 1427 1146 1494 devotionibus
1174 1429 1351 1516 petivisset,
1388 1426 1536 1515 quodque
1558 1447 1675 1511 parum

335 1539 480 1608 coercitis
503 1561 561 1628 per
586 1539 760 1609 Calabriam
787 1561 953 1608 serrorum
974 1542 1151 1627 agminibus
1177 1562 1286 1629 pacem
1312 1541 1417 1608 ltaliae
1442 1539 1592 1607 turbaret.
1627 1543 1675 1606 ob

297 1654 412 1722 sileae
436 1674 523 1721 mors
548 1656 683 1731 indicta,
710 1653 843 1721 multum
867 1658 1056 1721 adversante
1081 1655 1245 1730 Narcisso,
1272 1657 1326 1742 qni
1348 1655 1550 1743 Agrippinam
1573 1655 1676 1739 magis

334 1767 496 1855 magisque
517 1777 698 1855 suspectans
719 1768 913 1852 prompsisse
933 1767 1018 1833 inter
1031 1767 1193 1856 prosimos
1209 1767 1373 1834 ferebatur
1387 1779 1504 1834 certam
1520 1766 1580 1834 sibi
1595 1786 1673 1853 per·

334 1883 469 1957 uiciem,
491 1903 550 1948 soa
569 1881 767 1948 Britannicas
788 1903 895 1949 rerum
917 1901 974 1948 seu
995 1885 1080 1948 Nero
1103 1889 1286 1966 poteretur3
1311 1902 1423 1948 verum
1447 1880 1488 1946 iia
1510 1883 1594 1947 dese
1608 1900 1677 1947 me·

335 1997 429 2062 ntum
454 1995 619 2060 Caesarem
639 2004 674 2059 ut
694 1995 789 2062 sitam
810 1995 882 2060 usui
905 1995 972 2062 eius
994 1998 1192 2083 inpenderet.
1228 1998 1402 2060 convictam
1421 1995 1619 2060 Messalinam
1642 2001 1677 2060 et

335 2108 463 2188 Silium
486 2128 580 2196 pares
603 2108 720 2174 iterum
742 2107 910 2175 accusandi
926 2129 1034 2174 causas
1049 2129 1138 2187 esse3
1163 2110 1189 2172 si
1209 2113 1293 2173 Nero
1315 2111 1525 2196 imperitaret,
1549 2106 1676 2173 Britan·-

297 2225 408 2288 ssnieo
434 2241 633 2300 successore,
668 2221 788 2290 nullum
810 2221 946 2309 principi
967 2223 1133 2298 meritum,
1163 2241 1198 2286 ac
1223 2241 1378 2287 novercae
1400 2220 1521 2286 insidiis
1541 2217 1674 2284 domum

406 2377 432 2428 i.
452 2375 547 2442 Garum]
567 2377 596 2428 G.
615 2378 648 2429 Ν.
668 2378 716 2435 Μ,
746 2374 830 2427 Gnaei
849 2377 879 2426 lt.
910 2401 941 2413 -
967 2377 993 2426 2.
1013 2380 1068 2427 arcs
1085 2377 1122 2427 Μ.
1147 2400 1178 2412 -
1197 2377 1254 2438 inp.
1274 2375 1321 2426 lllt
1351 2375 1416 2437 imp,
1435 2374 1467 2424 tt.
1489 2397 1520 2409 ·-
1540 2374 1566 2425 3.
1588 2373 1676 2425 Habet

334 2449 453 2500 elelmta
470 2449 516 2508 st,
536 2461 588 2498 non
604 2449 742 2498 vinolenta
761 2448 828 2498 llud.
849 2445 921 2498 llari.
942 2447 994 2497 les.
1014 2448 1079 2510 lteg.
1100 2447 1170 2507 Sptr.
1201 2470 1231 2483 -
1259 2446 1286 2497 8.
1312 2441 1426 2508 coniugi
1448 2445 1492 2498 Μι
1520 2447 1674 2507 coniaglam

336 2534 395 2572 curn
415 2518 503 2570 Guelt.
524 2519 593 2568 llud.
614 2519 682 2581 Sptr.
702 2519 734 2568 ll.
756 2545 785 2556 -
807 2518 849 2568 ιι.
870 2517 1045 2567 brittannicae
1063 2516 1101 2566 Μ.
1123 2540 1153 2554 ··
1173 2517 1215 2566 13.
1237 2518 1293 2579 inp.
1313 2518 1359 2568 lll:
1390 2519 1455 2579 imp.
1476 2515 1506 2564 lt.
1527 2541 1561 2550 -
1581 2515 1622 2566 tt.
1643 2515 1675 2565 la

335 2591 363 2644 Μ
385 2603 427 2642 ιι.
446 2591 470 2638 st
492 2587 562 2639 Nero
579 2591 760 2650 imperitaret,
792 2588 950 2638 Britannico
979 2601 1121 2638 successore
1148 2587 1270 2637 ultimum
1295 2587 1433 2639 columnae
1453 2598 1558 2637 versum
1578 2592 1676 2636 consti·

335 2667 433 2720 tacut,
463 2659 530 2711 adeo
554 2667 584 2710 ut
601 2659 676 2711 iaciie
695 2659 794 2721 alicuid
815 2658 937 2709 excidere
956 2660 1079 2718 potuerit.
1102 2657 1151 2706 Vs.
1172 2660 1195 2706 si
1213 2659 1280 2708 lilero
1298 2686 1310 2697 ·
1327 2685 1338 2695 -
1355 2659 1493 2718 meritam,
1523 2669 1556 2706 cc
1572 2657 1676 2708 Freins-

336 2733 424 2782 bemlo
454 2737 563 2781 auctore
592 2743 653 2781 cum
680 2731 806 2782 Oberllno
836 2730 943 2780 seclusit
970 2729 999 2778 lt.
1032 2729 1078 2778 Vs.
1101 2727 1257 2779 Britannico
1281 2742 1425 2780 snccmsore
1452 2734 1512 2788 post
1536 2741 1562 2780 s·
1582 2727 1676 2778 Ss'ls‘ssna

336 2802 532 2865 transponenda
549 2802 644 2854 suadet
661 2800 831 2852 llocderlelu.
862 2826 893 2839 -
912 2799 1075 2852 brittannico
1093 2799 1130 2850 ll·
1153 2821 1181 2834 ···
1203 2801 1246 2851 15.
1266 2800 1314 2863 nc]
1333 2800 1369 2850 ad
1387 2813 1427 2862 pr.
1446 2798 1490 2860 Μ,
1512 2811 1530 2848 a
1547 2811 1615 2849 corr.
1633 2796 1673 2849 Μ.

336 2870 379 2938 (ιο
397 2882 437 2925 ιιι
454 2876 506 2924 iam
524 2876 551 2924 iu
570 2869 651 2936 Sptr.)
672 2897 700 2910 -
720 2884 828 2923 nonerce
845 2872 883 2924 Μ.

337 2998 525 3060 Germanicus,
544 3001 698 3063 Agrippina.
717 2998 856 3057 Barnous,
878 3011 931 3062 gun
950 2996 987 3047 lo·
1024 2995 1152 3048 derlolnlo
1167 3000 1320 3059 transponas
1339 3004 1398 3058 post
1410 3009 1435 3048 s.
1450 2995 1559 3070 Siliam,
1579 3007 1675 3048 seusus

336 3091 395 3132 corn
413 3078 550 3130 clariorem
568 3081 707 3140 redderet,
738 3079 856 3141 Lepidae
882 3077 986 3129 addidit
1024 3079 1091 3136 erit,
1122 3078 1267 3127 convictam
1292 3088 1349 3128 esse
1376 3089 1437 3128 ase
1456 3076 1625 3129 Messalinam
1644 3082 1672 3128 ιι

333 3156 504 3224 pulianum
527 3157 679 3223 dmapnste.
709 3182 739 3197 -
759 3159 869 3210 sobrina
896 3153 983 3221 psicr]
1024 3155 1137 3216 stilum,
1169 3168 1228 3206 cuns
1247 3157 1427 3207 Britannicum
1447 3161 1514 3220 patri
1538 3168 1674 3208 snccessu-

337 3240 440 3302 Lepida
452 3238 624 3299 Germanico,
644 3239 803 3303 Agrippinae
823 3242 899 3302 patri.
920 3251 987 3289 ccn-
1023 3248 1081 3286 rara
1110 3236 1231 3287 omnibus
1255 3249 1410 3300 persuasum
1440 3243 1509 3288 esset
1536 3248 1585 3287 nec
1604 3239 1675 3299 guis·

337 3322 446 3373 sobrina
464 3319 533 3376 lull:
553 3319 623 3370 tiliae
641 3332 704 3381 crgo
718 3319 868 3371 Germanici
886 3319 985 3381 Lepida
1025 3327 1105 3378 quam
1125 3319 1269 3368 etiamtunc
1284 3317 1317 3367 de
1329 3316 1380 3366 alto
1393 3329 1544 3368 successore
1558 3320 1674 3382 cogitare

336 3401 442 3453 sobrina
466 3401 542 3463 prior
567 3412 589 3449 ι.
612 3401 729 3461 propior.
757 3425 787 3436 -
818 3395 912 3462 canet]
934 3399 987 3449 lto-
1024 3402 1124 3460 posset.
1168 3397 1220 3447 Sed
1247 3397 1399 3448 huiusmodi
1423 3397 1673 3456 transpositionibus

337 3484 413 3532 mitit.
445 3479 494 3541 it,
518 3480 562 3529 10.
595 3503 623 3516 -
657 3478 759 3540 Lepida
785 3477 986 3542 blandimentis]
1024 3489 1160 3539 uuuuurm
1188 3490 1346 3540 magnopere
1373 3475 1434 3528 tasi.
1484 3477 1574 3528 Tertia
1606 3480 1672 3526 ratio

336 3561 514 3614 litbllomtnas
538 3560 609 3611 Nero
636 3561 748 3608 arntiam
771 3559 896 3622 Lepidam
913 3573 988 3608 ream
1025 3565 1065 3610 est
1084 3571 1176 3608 eorum
1195 3561 1241 3620 qut
1266 3557 1364 3617 rerba,
1397 3569 1466 3620 uuae
1485 3569 1556 3608 nunc
1574 3559 1614 3609 sia
1634 3562 1674 3606 lu·

336 3641 485 3694 testimonio
503 3637 727 3705 commenticii,
755 3639 912 3701 gratificans
930 3653 988 3688 nsa-
1025 3639 1104 3700 iciligi
1134 3645 1249 3701 queunt,
1288 3649 1346 3687 coru
1378 3637 1577 3696 Freinshemio,
1617 3635 1670 3687 Aa·

337 3724 389 3782 tri,
402 3733 486 3783 agna
497 3733 544 3770 rsa
554 3718 730 3780 premebatur.
750 3717 985 3768 Suet.lter.·1.-
1026 3717 1154 3779 uueliiio,
1185 3718 1244 3766 aliis
1266 3731 1312 3780 pro
1331 3717 1409 3780 gloss.
1430 3716 1528 3767 baboni
1551 3719 1673 3778 superlo-

336 3796 412 3860 dare]
433 3799 533 3861 Suppla
549 3799 659 3864 gaidat,
679 3797 751 3862 quod
769 3812 800 3848 ιι
818 3810 875 3861 seo.
897 3798 987 3861 neqni-
1023 3811 1082 3849 rum
1100 3810 1146 3846 ssu
1163 3796 1340 3848 Britannicas
1359 3823 1370 3834 -
1387 3823 1398 3833 ·
1413 3804 1559 3859 poteretur.
1597 3798 1673 3848 Ais.

336 3883 382 3934 las
400 3879 577 3937 eilclendum,
596 3885 627 3928 ut
644 3876 694 3936 tl,
712 3876 757 3928 56.
788 3876 858 3928 lintis
877 3877 909 3926 ad
923 3877 986 3940 Agr.
1025 3883 1096 3928 ceria
1108 3877 1274 3938 imperitaret
1286 3879 1435 3940 glossatoris
1449 3878 1581 3928 trandent.
1614 3876 1676 3926 Om-

337 3975 365 4026 p.
383 3961 446 4011 272.
466 3959 542 4010 silari
559 3962 638 4010 etiarn
659 3958 774 4016 litati,
793 3957 826 4006 8:
845 3955 988 4018 liniasoir
1025 3959 1067 4007 nla
1086 3957 1154 4006 clara
1175 3955 1280 4014 ierant,
1301 3959 1322 4008 ιΙ
1343 3964 1431 4010 essetr
1462 3969 1527 4006 asse.
1557 3955 1587 4006 Ss'
1608 3955 1675 4008 Nero

336 4040 466 4107 {mades
485 4043 509 4091 et
524 4039 602 4102 pacis
618 4038 723 4088 artibus
741 4033 900 4102 (expertus),
927 4036 988 4086 belli
1023 4038 1203 4098 imperitaret,
1223 4037 1380 4088 Britannico
1398 4048 1547 4096 successor,
1573 4035 1677 4085 nnllam

337 4123 501 4183 inexpertas.
1026 4123 1089 4178 cet,
1103 4117 1129 4166 id
1144 4123 1192 4170 est,
1208 4128 1359 4168 successore
1374 4117 1534 4174 Britannico,
1549 4115 1582 4165 ad
1597 4127 1675 4177 auem

372 4198 417 4250 ol.
449 4193 650 4260 amasionibus]
683 4198 927 4254 incantationibus,
958 4204 989 4245 ut
1026 4199 1140 4262 legitime
1168 4199 1330 4258 principatus
1350 4197 1515 4259 pertinebat,
1547 4209 1561 4246 ι
1588 4195 1676 4246 medlo

337 4281 463 4332 l'laaclaa
476 4279 538 4330 nitar
548 4276 743 4329 Germanicum.
758 4279 785 4336 A,
795 4277 839 4328 nil.
854 4303 881 4314 -
891 4280 987 4328 iterem
1026 4276 1139 4329 sublato.
1158 4300 1190 4312 -
1208 4274 1336 4340 principi]
1356 4290 1416 4340 erga
1434 4279 1591 4339 principem,
1605 4281 1635 4323 ut
1646 4274 1674 4332 d,

338 4354 495 4422 aemsandi]
509 4358 546 4408 lla
559 4357 746 4419 distinctions,
761 4371 838 4421 guam
854 4360 880 4408 ta
894 4357 989 4409 obscu-
1025 4359 1081 4409 20:
1102 4356 1236 4420 publicam
1253 4355 1303 4406 aidi
1321 4355 1412 4406 odiam
1421 4372 1431 4416 ‚·
1450 4355 1539 4406 Germ.
1554 4354 1602 4406 te:
1623 4355 1676 4419 res·

339 4456 368 4494 ro
386 4453 417 4491 ac
435 4440 544 4490 tortasse
569 4437 657 4488 laxato
683 4438 732 4487 linc
756 4437 813 4488 loeo
837 4441 922 4488 seculi
947 4452 988 4489 su·
1026 4441 1130 4504 [agiam
1147 4437 1233 4486 lilani.
1263 4437 1353 4487 llosn.
1376 4461 1404 4474 -
1433 4433 1549 4499 insidiis]
1571 4436 1677 4486 licitia-

339 4534 416 4580 mars,
441 4519 559 4580 esplieat
592 4519 665 4580 spart
689 4520 747 4568 lure
770 4530 801 4569 ac
819 4517 988 4570 Messalinam
1026 4522 1085 4569 uico
1104 4520 1219 4568 structis.
1240 4541 1271 4554 -·
1301 4530 1380 4580 qaam
1398 4513 1439 4578 al]
1462 4519 1562 4568 maiore
1580 4516 1676 4578 tlagltlo

339 4608 401 4654 ltem
434 4602 604 4665 Agrippinam
636 4601 752 4649 accusari
783 4610 859 4660 posse
886 4600 921 4649 ob
941 4602 989 4650 im·
1027 4599 1199 4660 Agrippinam
1224 4597 1342 4648 insidiari
1369 4600 1520 4656 innocenti,
1553 4609 1631 4658 guam
1654 4597 1676 4645 sl

340 4682 493 4746 pudicittrm
507 4684 535 4731 et
545 4678 704 4730 adulterium
718 4691 778 4727 cum
792 4677 908 4729 l’allaate
921 4691 990 4729 com·
1027 4682 1085 4739 lpse
1098 4675 1259 4740 (Narcissus)
1273 4678 1385 4728 celtaset
1404 4679 1595 4740 impudicitiam
1610 4677 1677 4726 lies·

338 4765 475 4814 mnsam.»
496 4783 527 4796 -
554 4758 709 4809 Britannico
726 4755 885 4821 scccssame]
917 4758 990 4808 ilaec
1026 4761 1125 4810 salinae
1153 4772 1264 4822 eamque
1292 4758 1415 4808 libidines
1440 4769 1500 4808 suas
1520 4757 1624 4818 capiare
1642 4758 1678 4806 si·

339 4838 670 4901 cantreciacensem
696 4843 776 4894 suut,
806 4838 884 4890 aliter
909 4839 990 4900 expll-
1027 4841 1123 4894 tissett
1157 4852 1225 4899 guae
1253 4845 1324 4887 certe
1353 4841 1484 4899 propriam
1514 4840 1539 4886 lu
1572 4838 1676 4886 domum

339 4926 562 4984 earlueuueatsl,
582 4933 661 4982 uuam
680 4917 896 4969 iecitertber:
918 4920 990 4968 saise
1027 4932 1079 4970 non
1100 4923 1235 4970 saevisset.
1263 4941 1293 4954 -
1325 4931 1358 4968 ne
1377 4919 1434 4982 gnis
1452 4913 1589 4980 ambigat]
1610 4919 1676 4966 niam

339 5003 411 5055 Nero
429 5003 608 5062 imperitaret,
627 5013 674 5050 seu
692 4999 860 5050 Britannicus
880 4999 990 5049 Claudio
1028 5011 1081 5048 non
1099 5010 1175 5057 esse,
1195 5010 1241 5047 cur
1260 4999 1399 5060 quisquam
1412 4998 1573 5061 Agrippinae
1593 5007 1678 5046 erem·

340 5081 512 5142 succederet,
532 5080 632 5131 nullate
650 5078 990 5140 maritumstnttnreapud
1029 5077 1100 5140 plum
1127 5080 1243 5128 imitatus
1272 5090 1324 5126 nou
1343 5079 1411 5128 nitro
1431 5078 1584 5141 dignitatem
1602 5087 1678 5126 susat

341 5165 488 5231 principem
505 5160 652 5212 laturam.»
679 5159 784 5223 Quodsi
802 5164 909 5210 auctora
922 5159 991 5209 lios·
1029 5158 1136 5219 laedat,
1156 5157 1250 5208 tamam
1264 5156 1381 5220 polluat,
1402 5156 1486 5208 toedls
1500 5153 1679 5218 roluplatlbus
