3734 5917
289 477 353 544 Ubi
674 475 864 542 CORNELII
885 475 1019 546 sacili
1038 477 1244 548 animilia

284 639 350 698 lion
374 637 491 696 lialieus
514 640 632 696 senalor
656 637 826 711 provinciali
844 638 941 711 poiior
958 638 1023 696 esii
1055 639 1117 696 lans
1137 640 1218 698 vobis
1236 655 1302 700 eum
1327 639 1402 698 bane
1420 644 1533 714 nameus
1551 657 1621 700 een·

285 739 371 784 aurae
395 739 479 782 meae
502 724 663 798 approbare
686 738 827 794 coepero,
861 724 932 798 quid
952 726 988 781 de
1007 741 1042 783 ea
1061 740 1093 781 re
1112 727 1234 783 senilam
1253 729 1340 784 rebus
1360 728 1522 785 oriendum.
1563 728 1619 786 Sed

285 825 324 868 ne
334 810 525 884 provinciales
538 810 665 882 quidem,
679 811 706 866 si
718 811 803 865 modo
813 825 919 866 ornare
932 811 1040 868 curiam
1053 812 1176 883 poterint
1189 811 1264 886 (rie),
1280 814 1452 870 reiieiendos
1467 817 1544 884 nnio.
1565 813 1619 870 Or-

285 896 435 954 naiissima
460 911 529 952 eree
554 897 668 951 colonia
694 895 951 969 valeniissimaque
975 896 1183 954 Viennensium
1203 913 1288 972 quam
1308 901 1395 969 longo
1413 900 1471 956 iam
1490 901 1618 970 lempore

285 984 435 1040 senaiores
461 981 528 1038 bnie
554 981 651 1037 euriae
676 980 805 1038 conieril
845 981 892 1039 lix
920 995 976 1056 qua
997 983 1111 1040 colonia
1130 984 1206 1040 inier
1223 998 1330 1056 paucos
1350 985 1491 1056 equesiris
1509 985 1617 1042 ordinis

285 1070 486 1126 oruamentum
504 1067 538 1124 L.
553 1063 703 1123 Vestinum
724 1066 947 1124 familiarissime
959 1068 1047 1138 diligo
1062 1072 1091 1124 ei
1105 1067 1248 1142 hodieque
1261 1070 1290 1125 in
1305 1070 1391 1127 rebus
1405 1071 1476 1128 meis
1491 1070 1615 1128 delineo.

286 1152 374 1212 Cuius
398 1153 481 1211 liberi
508 1152 637 1208 iruaniur
661 1167 769 1226 quaeso
788 1154 881 1226 primo
903 1155 1129 1210 sacerdoiiorum
1149 1156 1258 1226 gradu,
1280 1155 1430 1228 posimodo
1450 1172 1513 1214 oum
1534 1157 1618 1214 anuis

284 1326 355 1384 iliud
375 1325 578 1396 palaestricum
598 1325 777 1397 prodigium,
807 1326 885 1398 qnod
912 1328 980 1381 anie
998 1327 1028 1382 in
1047 1328 1161 1382 domurn
1188 1328 1368 1384 consulatum
1387 1326 1499 1391 iniulii‚
1531 1343 1618 1400 quam

285 1411 399 1468 colonia
418 1425 469 1467 sua
500 1410 624 1467 solidum
643 1410 764 1468 eisiiaiis
781 1409 928 1467 Romanae
948 1410 1120 1468 beneiloium
1133 1415 1287 1468 consecula
1301 1414 1355 1468 esi.
1387 1411 1467 1468 ldem
1481 1411 1518 1468 de
1532 1411 1618 1468 iraire

286 1498 347 1555 elus
367 1512 483 1568 possum
502 1495 599 1552 dicere
619 1495 777 1552 miserabili
805 1496 922 1570 quidem
942 1497 1203 1570 indignissimoque
1222 1495 1382 1567 bonesen,
1412 1500 1443 1553 ui
1461 1496 1542 1554 vobis
1566 1497 1619 1553 uii-

286 1583 322 1641 lis
341 1585 456 1639 senaior
474 1597 539 1638 esse
558 1597 617 1636 non
636 1582 736 1653 possil.

361 1668 525 1741 Tempual)
543 1672 589 1725 esi
606 1668 684 1739 iam,
704 1668 749 1726 Ti.
771 1665 880 1724 Caesar
900 1665 1090 1739 Germanice,
1124 1668 1259 1740 delegere
1285 1673 1314 1725 ie
1341 1668 1468 1739 patribus
1494 1667 1619 1725 eonscri-

285 1754 360 1828 ptis,
391 1771 448 1828 quo
468 1754 566 1811 iendai
585 1753 677 1809 oralio
697 1757 761 1821 iua;
794 1753 852 1810 iam
876 1753 954 1810 enim
975 1754 1012 1811 ad
1031 1757 1176 1810 exiremus
1196 1754 1269 1812 dues
1289 1752 1401 1811 Gallina
1421 1755 1618 1813 Narbonensis

286 1840 400 1900 venisli.

368 1925 423 1983 Tei
441 1941 509 1982 ecee
529 1924 659 1996 insignes
678 1925 818 1995 invenes,
838 1929 907 1998 quoi
925 1926 1056 1996 inlusor,
1082 1942 1139 1983 non
1159 1926 1251 1996 magis
1277 1928 1345 1982 sunl
1357 1925 1522 1999 paeniiendi
1535 1941 1619 1983 sena·

286 2017 381 2081 iores,
411 2028 498 2086 qnam
527 2011 656 2084 paeniiei
681 2011 848 2083 Persicum,
879 2011 1090 2069 nobilissimum
1113 2013 1223 2082 virum,
1256 2011 1378 2068 amioum
1397 2028 1511 2082 meum,
1544 2011 1620 2068 inier

284 2098 426 2168 imagines
454 2097 594 2154 maiomm
621 2113 738 2154 suorum
765 2097 942 2167 Allobrogici
972 2113 1077 2154 nomen
1105 2099 1212 2168 legere.
1263 2096 1370 2166 Quodsi
1399 2097 1471 2154 liaeo
1494 2098 1535 2154 iia
1553 2114 1618 2156 esse

286 2185 474 2254 eonseniiiis,
507 2183 576 2257 quid
607 2184 680 2240 ulira
707 2183 894 2254 desidereiis,
926 2198 1013 2255 quam
1041 2188 1071 2241 ui
1098 2185 1179 2241 vobis
1206 2183 1293 2253 digiio
1313 2183 1506 2240 demonstrem
1526 2185 1618 2240 solum

284 2272 380 2342 ipsum
400 2271 473 2326 ulira
492 2267 565 2325 lines
584 2270 750 2341 provinciae
768 2269 965 2326 Narbonensis
990 2270 1047 2326 iem
1068 2269 1149 2327 vobis
1168 2271 1318 2324 senoiores
1338 2269 1468 2338 miliare,
1502 2269 1617 2342 quando

284 2371 323 2413 ex
350 2354 509 2425 Luguduno
537 2353 596 2427 (rie)
624 2353 732 2411 babere
757 2370 811 2410 nos
834 2355 925 2410 noslri
945 2355 1054 2411 ordinis
1074 2357 1150 2412 viros
1171 2370 1228 2410 non
1247 2354 1385 2426 paeniiei.
1426 2353 1537 2410 'limide
1555 2355 1618 2427 qui-

286 2442 368 2510 dem,
388 2439 421 2496 P.
444 2439 496 2508 0.,
517 2455 651 2508 egressus
671 2439 804 2497 ndsuelos
824 2439 1036 2510 lumiliaresque
1055 2441 1136 2497 uobis
1156 2440 1367 2512 provinciarum
1386 2441 1523 2496 lerminos
1536 2455 1617 2508 surn3

285 2527 338 2584 sed
358 2525 493 2582 desirieie
512 2524 569 2580 iam
585 2522 722 2582 Comaiae
742 2523 853 2582 Galliae
873 2541 961 2583 eausa
975 2525 1086 2596 agenda
1099 2530 1153 2584 esi.
1182 2527 1215 2582 ln
1228 2542 1284 2599 qua
1296 2526 1321 2582 si
1334 2526 1398 2599 quis
1412 2525 1466 2581 boc
1479 2525 1617 2596 iniueiur‚

285 2611 361 2684 qnod
374 2611 452 2667 bello
464 2627 517 2683 per
529 2611 629 2668 deeem
641 2627 732 2668 annos
745 2616 940 2670 exercueruni
952 2613 1047 2670 divom
1061 2611 1119 2686 (sio)
1134 2611 1237 2668 lulium
1250 2652 1259 2681 ,
1273 2611 1350 2666 idem
1364 2615 1490 2684 opponet
1503 2614 1619 2667 renium

286 2712 427 2755 annorum
452 2697 629 2754 immobilem
657 2695 744 2754 fldem
773 2699 1001 2772 obsequiumque
1029 2701 1127 2756 mullis
1153 2697 1271 2771 trepidis
1300 2697 1386 2754 rebus
1414 2696 1519 2752 noeiris
1540 2697 1620 2768 plns-

285 2798 372 2857 quom
401 2779 459 2856 (rie)
488 2784 647 2854 esparlum.
688 2783 734 2840 llli
758 2785 830 2855 pairi
849 2800 913 2840 meo
932 2785 1026 2841 Druso
1048 2783 1229 2841 Germaniam
1249 2781 1394 2852 subigenli
1415 2783 1503 2835 luiarn
1521 2781 1619 2853 quieie

286 2882 338 2923 sua
364 2882 551 2940 securamque
577 2883 593 2925 a
620 2873 697 2940 tergo
722 2886 823 2944 paoem
850 2871 1071 2945 praestitorum,
1104 2873 1132 2924 ei
1157 2868 1272 2942 quidem
1300 2883 1364 2925 eum
1383 2881 1399 2923 a
1420 2881 1524 2922 oeneus
1545 2882 1619 2923 novo

287 2957 345 3011 lum
374 2969 461 3024 opere
489 2959 518 3012 ei
545 2955 696 3013 inadsueie
725 2956 825 3014 Galliis
845 2958 881 3014 ad
906 2957 1016 3013 bellum
1037 2957 1192 3012 adversius
1213 2958 1300 3012 essei.
1340 2953 1422 3022 Quod
1441 2968 1513 3024 opus
1533 2967 1619 3024 quam

286 3038 407 3095 arduum
435 3039 472 3096 sii
501 3040 585 3097 nebia
614 3057 690 3098 nune
715 3057 780 3099 eum
808 3043 948 3112 maxime,
979 3041 1110 3114 quemvis
1130 3042 1202 3098 nihil
1223 3043 1313 3112 ulira,
1345 3054 1431 3112 quam
1452 3041 1482 3093 ui
1502 3038 1618 3109 publice

285 3125 372 3180 noiae
391 3123 449 3180 sini
468 3124 617 3184 laeuiinies
637 3130 772 3199 nosirae,
792 3128 974 3200 exquiretur,
996 3126 1081 3183 nimis
1095 3142 1198 3197 magno
1213 3126 1409 3199 experimenio
1426 3122 1616 3194 agnoscimus.

285 3392 307 3460 ¹)
325 3392 457 3462 iuiroab]
488 3393 723 3447 Valarlldslailel.
742 3393 892 3445 Tae-Ana.
911 3394 961 3452 ll.
992 3393 1017 3442 l.
1037 3391 1128 3443 l‘raier
1150 3395 1209 3442 elus
1236 3390 1343 3442 aliunde
1375 3397 1452 3441 nolus
1482 3399 1534 3440 nou
1568 3392 1617 3440 esi.

285 3504 316 3516 -
336 3474 361 3542 ⁸)
381 3473 506 3542 Tempsa]
530 3475 639 3527 Prorsus
660 3476 750 3524 miram
766 3474 834 3524 bane
854 3473 1091 3536 interpellationem
1111 3484 1147 3522 «a
1166 3479 1259 3522 senatu
1278 3484 1339 3522 vera
1358 3470 1452 3520 iselam
1468 3474 1495 3521 ei
1510 3471 1536 3518 ln
1555 3469 1619 3519 aelia

287 3562 344 3612 eius
365 3562 541 3622 consignatam
555 3568 635 3608 essa·
655 3557 784 3606 erlsllmsi
802 3554 908 3606 zelilnr.
945 3553 999 3603 lam
1020 3555 1067 3603 elsi
1086 3552 1213 3603 Suetonio
1232 3557 1297 3602 ieris
1316 3550 1408 3602 claud.
1430 3550 1472 3600 li.
1493 3547 1618 3598 Claudius

284 3639 386 3704 pordes
413 3642 438 3686 ai
454 3637 548 3700 poleas
570 3633 730 3698 ronianpisi
749 3641 832 3691 urei,
862 3640 949 3685 lamen
973 3638 1163 3696 luminariam
1184 3632 1354 3691 derisionem,
1373 3631 1445 3682 omni
1467 3629 1619 3680 adulatione

287 3719 406 3782 quamvls
430 3719 529 3769 lroniea
550 3716 719 3773 destituram.
748 3716 775 3764 ln
799 3715 855 3776 ipsa
877 3716 950 3764 enrla
977 3711 1094 3764 Romana
1114 3715 1224 3775 prinnini
1250 3714 1429 3768 aeelamalam.
1448 3711 1503 3761 aeri
1522 3707 1618 3761 deinde

287 3802 397 3852 inrisam
424 3811 480 3851 esse
499 3797 563 3848 mibi
588 3795 739 3859 persuaderi
758 3807 810 3845 non
830 3799 924 3857 poleas.
961 3793 1044 3842 immo
1063 3791 1188 3843 Claudius
1209 3796 1279 3856 lpse.
1299 3799 1328 3843 ul
1349 3791 1399 3841 iuli
1417 3791 1494 3840 bomo
1513 3791 1618 3851 inruens

286 3887 367 3944 alque
392 3877 540 3937 absurdus,
570 3877 620 3927 ine
646 3877 804 3927 alloeuilone
831 3879 915 3925 remei
940 3875 996 3936 ipsa
1023 3884 1037 3922 a
1063 3873 1139 3935 longa
1161 3872 1322 3936 digressione
1349 3871 1382 3922 ad
1409 3883 1480 3928 rem,
1510 3881 1560 3932 qua
1586 3867 1619 3919 dr

287 3963 388 4024 agitur.
404 3963 518 4011 reroeai.
545 3956 630 4008 Probe
641 3957 764 4009 videlieet
776 3962 883 4008 norerai
895 3954 1031 4006 rbeiorum
1044 3957 1228 4017 praerepturas
1246 3947 1436 4024 Ἀκοσιροφὴ
1447 3951 1513 4000 mire
1523 3953 1616 4000 moeri.

288 4039 412 4105 (Quintil.
431 4039 464 4101 i.
482 4040 514 4101 i,
532 4033 589 4102 aa.)
