3734 5917
682 481 806 547 354
1446 482 1819 548 CORNELII
1861 484 2127 549 TACITI
2167 484 2579 550 ANNALIUM

679 639 933 707 molitor
984 639 1334 717 Narcissus,
1399 643 1997 729 flagrantissimaque
2058 663 2138 707 eo
2204 641 2272 707 in
2342 648 2628 724 tempore
2682 612 2878 726 gratia
2940 642 3138 710 Pallas
3203 643 3333 728 agi·

675 763 922 834 lavere,
992 775 1139 818 num
1195 754 1586 820 Messalinam
1643 758 1899 822 secretis
1950 755 2134 820 minis
2190 755 2576 839 depellerent
2629 774 2846 820 autore
2876 755 3044 831 Silii,
3110 765 3329 822 cuncta

673 867 800 934 alia
842 866 1314 938 dissimulantes,
1385 870 1529 934 dein
1572 879 1777 946 metu,
1838 888 1919 933 ne
1961 869 2038 934 ad
2081 867 2422 952 perniciem
2467 867 2631 933 ultro
2673 871 3100 946 traherentur,
3169 870 3332 936 desi-

676 989 878 1055 stunt,
943 980 1141 1047 Pallas
1182 1003 1301 1065 per
1340 981 1684 1066 ignaviam,
1752 981 2039 1046 Callistus
2105 982 2336 1065 prioris
2377 1001 2629 1066 quoque
2672 981 2885 1066 regiae
2926 982 3203 1066 peritus,
3267 992 3332 1048 et

628 1095 1014 1180 ‘potentiam
1057 1093 1251 1159 cautis
1298 1114 1483 1178 quam
1527 1094 1776 1160 acribus
1820 1093 2098 1159 consiliis
2143 1095 2332 1158 tutius
2375 1092 2624 1171 haberi;
2671 1095 2942 1180 perstitit
2984 1098 3326 1171 Narcissus,

674 1214 739 1272 et
779 1209 980 1272 solum
1024 1206 1092 1272 id
1132 1205 1491 1283 immutans,
1541 1228 1622 1272 ne
1664 1229 1790 1292 quo
1836 1227 2128 1273 sermone
2172 1206 2512 1293 praesciam
2551 1206 2831 1273 criminis
2858 1216 2922 1273 et
2948 1207 3328 1274 accusatoris

671 1320 940 1398 faceret,
1009 1319 1142 1407 ipse
1183 1319 1266 1385 ad
1304 1318 1665 1386 occasiones
1706 1320 2014 1391 intentus.
2073 1323 2262 1403 longa
2305 1318 2472 1402 apud
2517 1321 2752 1385 Ostiam
2798 1322 3080 1407 Caesaris
3123 1340 3323 1396 mora,

670 1437 825 1498 duas
867 1432 1153 1520 pellices,
1222 1454 1485 1522 quarum
1528 1434 1582 1499 is
1625 1435 1879 1520 corpori
1922 1435 2190 1497 maxime
2232 1435 2622 1508 insueverat,
2689 1433 3020 1518 largitione
3063 1454 3138 1499 ac
3183 1453 3337 1517 pro-r

669 1544 907 1623 missis,
972 1553 1037 1612 et
1076 1567 1277 1613 uxore
1322 1546 1559 1612 deiecta
1602 1548 1743 1633 plus
1782 1549 2101 1632 potentiae
2144 1548 2554 1621 ostentando,
2625 1546 2897 1632 perpulit
2949 1547 3324 1613 delationem

592 1672 649 1714 ¹⁶
669 1661 906 1725 subire.
954 1656 1077 1744 (30)
1114 1659 1262 1726 exin
1294 1659 1624 1745 Calpurnia
1654 1658 1734 1743 (id
1765 1657 1972 1744 pellici
2000 1657 2272 1741 nomen),
2303 1658 2414 1724 ubi
2443 1663 2654 1724 datum
2687 1668 3027 1735 secretum,
3060 1661 3325 1744 genibus

670 1772 951 1839 Caesaris
993 1777 1330 1857 provoluta
1370 1775 1654 1860 nupsisse
1695 1772 2087 1839 Messalinam
2134 1771 2286 1837 Silio
2317 1771 2644 1837 exclamat.
2692 1774 2878 1838 simul
2909 1772 3323 1858 Cleopatram,

667 1906 829 1970 quae
891 1886 1061 1952 idem
1125 1887 1463 1972 opperiens
1526 1885 1841 1964 adstabat,
1915 1907 1993 1951 an
2058 1889 2468 1968 comperisset
2523 1885 2900 1970 interrogat,
2966 1894 3157 1970 atque
3219 1885 3325 1951 ilis

666 2008 976 2065 aunuente
1020 2001 1172 2065 cieri
1215 1998 1571 2064 Narcissum
1614 1999 1906 2083 postulat.
1949 1999 2003 2064 is
2033 1997 2276 2063 veniam
2307 1998 2372 2063 in
2409 2000 2814 2082 praeteritum
2860 2007 3109 2084 petens,
3157 1996 3324 2082 quod

660 2112 729 2179 ei
769 2114 858 2179 cis
898 2115 1179 2190 Vettios,
1226 2111 1316 2178 cis
1357 2111 1632 2178 Plautios
1660 2111 2207 2188 dissimulavisset,
2254 2131 2371 2177 nec
2400 2131 2567 2177 nunc
2593 2111 2897 2176 adulteria
2927 2112 3323 2176 obiecturum

802 2285 855 2337 3.
894 2285 1016 2337 dein
1047 2288 1140 2340 Mt
1192 2285 1376 2337 deinde
1411 2285 1473 2336 B.
1532 2309 1591 2324 -
1640 2285 1785 2335 ultra
1819 2283 1878 2336 M
1915 2290 1970 2336 et
2005 2285 2140 2346 Sptr.
2178 2283 2412 2335 Correxit
2449 2283 2784 2335 Puteolanus.
2828 2307 2889 2320 -
2927 2283 2981 2335 5.
3019 2285 3204 2335 habere
3238 2297 3317 2346 pr.

658 2354 749 2415 Μ,
804 2363 865 2406 ut
904 2359 1126 2409 videtur.
1192 2383 1244 2395 —
1300 2356 1353 2406 6.
1408 2364 1457 2407 et
1503 2356 1700 2416 solam]
1742 2363 1801 2406 ut
1835 2356 2006 2405 solum
2046 2355 2138 2416 M,
2193 2356 2360 2404 solum
2395 2355 2517 2418 Agr.
2557 2355 2858 2406 Correctum
2896 2356 2948 2404 ln
2988 2353 3162 2405 Guell.
3201 2363 3255 2405 et
3290 2369 3321 2406 a

658 2425 973 2479 Puteolano.
1017 2452 1073 2465 -
1116 2434 1444 2478 accusatores
1478 2426 1556 2478 M.
1599 2452 1653 2468 -
1696 2427 1749 2476 ’1.
1790 2426 2015 2476 hostiam
2049 2428 2245 2475 cesaris
2281 2426 2352 2475 M.
2396 2451 2451 2463 -
2492 2425 2544 2475 8.
2580 2426 2771 2487 pelices
2796 2424 2872 2475 Μ.
2899 2450 2957 2463 -
2987 2428 3202 2487 corpori
3228 2425 3319 2476 uz

660 2499 973 2560 corporibus
1009 2510 1126 2548 cum
1168 2498 1304 2548 liud.
1346 2497 1521 2560 Sptr.,
1580 2497 1819 2548 Ernestio
1859 2496 1931 2555 B,
1984 2499 2309 2546 correctione
2347 2499 2562 2545 minime
2600 2499 2910 2546 necessaria.
2955 2521 3008 2534 ·-
3053 2495 3105 2545 9.
3142 2504 3322 2560 poten·

659 2568 743 2618 tt'a
776 2581 861 2619 sos
896 2564 1152 2631 tentando
1189 2569 1265 2620 Μ.
1326 2593 1388 2604 -
1442 2567 1664 2631 perculit
1696 2567 1753 2619 M
1792 2574 1846 2617 et
1881 2565 2023 2629 Sptr.
2065 2567 2302 2618 Correxit
2339 2565 2676 2618 Puteolanus.
2726 2590 2784 2601 -
2824 2566 2910 2614 10.
2949 2568 3087 2614 emim
3126 2579 3202 2628 pr.
3241 2567 3318 2617 Μ.

655 2661 726 2674 -
754 2639 917 2701 pellet
951 2639 1028 2690 M.
1084 2663 1151 2674 -
1205 2639 1425 2705 genibus
1464 2637 1702 2688 Caesaris
1736 2638 1828 2687 Mt
1881 2639 2122 2688 Caesaris
2156 2637 2369 2701 yenibus
2408 2649 2526 2686 cum
2567 2638 2702 2687 Edd.
2743 2636 2986 2685 omnibus
3024 2635 3084 2684 B.
3129 2660 3191 2673 —
3231 2637 3318 2686 12.

656 2723 790 2774 quae
825 2712 1095 2773 opperiens
1132 2710 1409 2769 adstabat,
1447 2709 1583 2757 idem
1619 2723 1693 2758 an
1729 2721 1776 2757 c.
1821 2710 2119 2768 suspicatur
2156 2705 2504 2763 Doederlein,
2541 2721 2676 2770 quae
2712 2706 2770 2756 id
2807 2708 2884 2756 vel
2936 2707 2993 2754 id
3028 2707 3198 2767 ipmm
3233 2719 3321 2768 op-

652 2783 862 2842 per-ism
918 2781 1088 2832 Helm.
1151 2805 1217 2816 -
1272 2780 1358 2830 13.
1398 2792 1527 2830 ann.
1584 2779 1674 2831 M:
1734 2778 1862 2827 adn.
1905 2781 1966 2829 B.
2022 2802 2084 2815 —
2125 2777 2211 2828 14.
2251 2778 2298 2826 ei
2333 2778 2407 2825 ct‘s
2442 2781 2649 2827 uettt‘cis
2679 2777 2891 2838 plautio
2917 2776 2993 2827 Μ.
3030 2777 3096 2839 (et'
3137 2778 3318 2835 Titios,

665 2849 895 2909 Vectios,
952 2852 1191 2901 Plautios
1244 2850 1534 2900 Brotierlus
1580 2849 1728 2910 prob.
1770 2849 1979 2898 flandlo
2018 2850 2059 2898 'r
2067 2862 2171 2897 urs.
2214 2848 2282 2895 ll.
2325 2860 2377 2909 p.
2419 2848 2505 2895 76.
2547 2855 2602 2897 et
2654 2847 2906 2904 Halmio.)
2952 2848 3171 2899 Secutus
3208 2861 3320 2898 sum

658 2933 778 2972 cum
817 2925 855 2970 B
889 2921 937 2973 1.
976 2922 1061 2973 Fr.
1102 2921 1457 2982 Gronovium,
1496 2921 1588 2972 sed
1614 2923 1796 2983 scripsi
1835 2918 2024 2970 Vettios
2062 2932 2156 2981 pro
2199 2917 2397 2968 Vectios
2433 2919 2494 2967 B.
2540 2943 2599 2954 —
2641 2917 2997 2969 dimulavisset
3029 2919 3106 2969 Μ.

656 3073 871 3140 firmata
903 3076 1007 3125 sibi
1042 3089 1241 3141 quoque
1265 3077 1479 3139 eandem
1500 3078 1721 3138 speciem
1748 3075 1954 3138 aliquot
2029 3073 2332 3125 Latinorum
2386 3076 2461 3123 sic
2507 3074 2738 3124 locutum
2790 3086 2905 3125 esse
2942 3072 3321 3125 contendentes

653 3157 768 3205 iam
798 3155 1036 3205 noctibas
1086 3156 1351 3206 obversari
1385 3157 1614 3206 rettulit.
1686 3155 1790 3206 Nec
1821 3155 1952 3204 mul·

655 3240 710 3285 to
763 3242 890 3299 post
943 3247 1009 3285 ea
1066 3238 1349 3295 composito
1406 3239 1604 3298 Appius
1656 3237 1952 3298 irrumpere

653 3317 960 3375 mutas,
1010 3314 1096 3363 cui
1128 3314 1301 3375 pridie
1328 3349 1343 3373 ,
1398 3315 1473 3364 ad
1507 3315 1566 3364 id
1603 3317 1854 3377 temporis
1888 3323 1950 3364 ut

655 3396 895 3452 adesset,
961 3398 1299 3458 praeceptum
1354 3399 1468 3443 erat
1490 3428 1503 3447 .
1583 3397 1740 3460 quast·
1792 3394 1951 3456 plane

653 3480 1142 3538 repraesentaretur
1195 3472 1387 3522 somnii
1441 3473 1566 3536 fides
1586 3509 1603 3534 ,
1657 3475 1851 3523 arcessi
1887 3488 1951 3524 ac

652 3557 791 3606 mori
823 3556 992 3604 iussus
1030 3557 1125 3602 est.
1166 3572 1232 3587 —-
1274 3549 1711 3618 flaqrantt‘sst'ma]
1762 3553 1951 3603 leiden-

549 3686 560 3701 ,
653 3632 972 3697 schaltlicltst
1007 3633 1343 3697 sequnntur,-
1401 3631 1496 3684 clr.
1536 3631 1641 3694 13,
1682 3632 1788 3683 14:
1852 3633 1951 3699 fla·

652 3714 1017 3781 paucissimas
1071 3714 1129 3762 in
1179 3712 1417 3763 amicitia
1452 3713 1584 3761 etas.
1642 3735 1704 3751 —
1765 3721 1951 3763 cuncta

658 3791 793 3857 alta]
822 3794 1082 3844 adulteria
1110 3798 1163 3846 et
1186 3793 1379 3856 flagitia
1402 3825 1418 3852 ,
1458 3797 1741 3844 memorata
1770 3790 1829 3843 C.
1858 3792 1947 3842 12.

658 3884 788 3927 extr.
828 3894 893 3910 --
942 3868 1174 3936 corpori]
1213 3872 1405 3923 Putide
1444 3880 1713 3925 mutarunt
1749 3875 1803 3922 in
1838 3885 1950 3922 cor-

653 3953 912 4017 poribus,-
974 3953 1223 4004 videlicet
1256 3956 1510 4003 malorem
1551 3955 1948 4015 despicientiam

657 4033 818 4085 habet
852 4032 997 4085 Med.
1055 4043 1203 4082 num.
1262 4032 1537 4095 singularis
1561 4066 1578 4093 ,
1651 4032 1949 4096 significans

661 4114 939 4164 Claudium
970 4120 1186 4176 propter
1221 4109 1436 4161 formam
1464 4112 1730 4163 dumtaxat
1766 4112 1949 4163 harum

660 4192 1084 4245 multra-cularum
1148 4194 1523 4242 consum-tudine
1569 4206 1721 4242 usum
1776 4203 1949 4254 neque

661 4286 935 4338 propterca
1007 4286 1320 4334 magnaper&
1378 4281 1431 4321 fid
1484 4270 1552 4322 ab
1595 4273 1672 4324 ela
1726 4271 1949 4323 deleniri

659 4366 751 4406 tul.
791 4354 959 4414 deripi
1003 4366 1208 4414 passum
1248 4366 1376 4402 assu.

731 4434 815 4482 31].
847 4434 1003 4494 idem}
1031 4442 1084 4478 ui.
1108 4438 1212 4490 ips-u
1236 4442 1444 4490 qunque
1464 4430 1949 4488 ludlcluml'nceret,

665 4526 771 4578 qur.-
831 4514 1144 4574 Calpurniae
1188 4514 1420 4566 [luha-trac
1458 4512 1569 4560 slne
1602 4507 1784 4574 dublo)
1822 4509 1953 4561 fides

663 4602 963 4654 angeretur.
1003 4618 1064 4622 —
1084 4594 1152 4638 ris
1180 4592 1384 4654 restim]
1408 4589 1664 4640 scistdem
1687 4592 1793 4640 vult
1807 4590 1950 4654 quod

661 4676 827 4724 infra.
855 4674 939 4718 Etr.
967 4670 1132 4718 Plani..
1168 4670 1316 4718 111131,-
1352 4674 1368 4718 i
1398 4706 1404 4724 ,
1436 4670 1465 4718 1
1485 4705 1499 4730 ,
1528 4668 1626 4719 17:
1660 4672 1733 4719 ct's
1748 4683 1953 4732 paucas

665 4756 1007 4814 irnipsiriuirs.
1072 4750 1188 4798 Mur.
1244 4750 1324 4798 ill.
1368 4748 1467 4798 *222
1515 4751 1596 4798 vt's
1631 4749 1953 4815 Aqrippirtae

663 4838 799 4883 cit-m
835 4834 1015 4878 ultima
1043 4834 1200 4878 :ti-iit.
1268 4830 1513 4880 „vr-niam
1540 4837 1662 4890 peto
1684 4863 1700 4888 ,
1742 4829 1948 4886 Caesar,

666 4916 839 4974 lnquit
887 4930 931 4966 „n
975 4912 1112 4974 ιμμηῑ
1160 4914 1324 4974 lilim-li,
1384 4914 1504 4960 dum
1548 4909 1771 4970 Voltus,
1825 4909 1949 4960 dum

562 5028 570 5038 .
666 4993 886 5044 Plautlls
936 4991 1166 5042 moechis
1221 4996 1462 5040 contenta
1506 4987 1607 5040 fuit
1647 4990 1948 5051 Messalina,

668 5072 793 5124 dum
830 5074 963 5123 intra
1010 5072 1102 5122 hos
1134 5076 1190 5121 et
1228 5070 1413 5121 horum
1450 5070 1644 5120 similes
1679 5071 1948 5121 libidinem

920 5151 1097 5204 Giton.
1446 5155 1623 5200 autem
1686 5153 1950 5203 neminem

666 5156 858 5210 atilius
1200 5149 1386 5201 Plures

2029 3154 2392 3216 praetulerunt
2441 3154 2685 3204 Brotierll
2745 3157 3040 3205 reticuerat
3084 3153 3227 3218 quod
3275 3154 3323 3204 si

2031 3233 2196 3284 Titios
2216 3268 2232 3292 ,
2281 3233 2473 3283 Vettios
2493 3271 2508 3295 ‚
2566 3233 2802 3283 Plautios
2849 3234 3281 3285 dissimulavisset
3303 3266 3318 3289 ,

2027 3327 2162 3375 quse
2218 3314 2371 3364 ducta
2427 3320 2507 3365 est
2560 3325 2620 3365 ex
2670 3313 2802 3364 Cod.
2851 3317 3023 3378 Agric.
3075 3313 3216 3379 quod
3271 3314 3322 3364 ei

2029 3391 2192 3442 Cicios
2214 3428 2231 3452 ,
2278 3393 2499 3453 Vettios,
2534 3391 2777 3443 Plautios
2801 3394 2890 3456 d.,
2930 3394 3035 3445 huc
3070 3397 3319 3446 arcessito

2030 3473 2168 3522 Titio
2223 3486 2282 3524 ex
2322 3471 2381 3522 C.
2421 3472 2506 3523 35.
2582 3473 2652 3522 At
2707 3485 2888 3534 parurn
2936 3475 3321 3527 animadverte·

2027 3560 2183 3610 runt,
2222 3565 2378 3614 quam
2407 3565 2561 3614 prava
2602 3563 2738 3605 esset
2776 3556 2875 3604 ista
2903 3569 3114 3618 quoque
3143 3556 3316 3607 lectio.

2027 3631 2228 3693 Quodsi
2298 3634 2437 3682 enlm
2497 3633 2771 3686 Narcissus
2832 3636 2990 3688 hosce
3053 3635 3319 3687 adulteros

2026 3713 2278 3762 hactenus
2305 3712 2750 3776 dissimulaverat,
2791 3721 2893 3767 tam
2935 3715 3106 3768 brevis
3134 3729 3319 3769 eorum

2026 3792 2332 3855 significatio
2386 3791 2452 3841 ad
2513 3794 2767 3844 indicium
2813 3797 3191 3848 adulteriorum
3247 3795 3321 3846 la·

2027 3870 2274 3922 ciendum
2312 3871 2528 3922 minime
2565 3874 2799 3934 prolecto
2837 3877 3168 3933 sufficiebstz
3226 3878 3321 3926 im-

2028 3965 2112 4001 mo
2139 3951 2469 4002 manifestum
2509 3959 2589 4002 est
2624 3954 2720 4003 hos
2753 3958 2981 4007 minores
3008 3957 3319 4009 Messalinae

2026 4031 2270 4082 moechos
2319 4033 2627 4083 iamdudum
2666 4033 2808 4097 apud
2853 4037 3140 4097 principem
3178 4036 3320 4087 dela·

2027 4120 2107 4163 tos
2139 4125 2272 4162 esse.
2328 4111 2420 4161 Sin
2452 4121 2628 4165 eutem
2665 4114 2819 4165 liuius
2849 4120 2988 4166 coni.
3018 4115 3319 4168 defensores

2029 4192 2242 4242 dicent=
2301 4204 2438 4244 «non
2478 4193 2693 4254 quidem
2731 4205 2760 4243 a
2796 4194 3075 4254 Narcisso,
3121 4196 3211 4247 sed
3252 4195 3318 4245 ab

2028 4271 2216 4322 allisxs
2273 4280 2518 4332 reputent
2575 4285 2790 4326 necesse
2843 4281 2957 4337 est,
3010 4280 3165 4328 etiam
3219 4275 3320 4325 hoc

2027 4358 2069 4402 st
2126 4350 2318 4402 lactum
2373 4360 2544 4411 esset,
2618 4353 2896 4406 Claudium
2953 4363 3094 4407 certe
3153 4353 3317 4406 nihilo

2026 4434 2198 4481 minus
2248 4429 2314 4480 de
2359 4433 2421 4480 tis
2471 4431 2774 4484 libertinum
2812 4436 3053 4485 intimum
3095 4437 3318 4487 interro·

2027 4519 2268 4576 getururn
2307 4512 2505 4572 luisse,
2571 4517 2662 4576 qui
2701 4522 2826 4566 tunc
2862 4518 3001 4565 circa
3037 4528 3129 4566 eos
3167 4517 3318 4565 dissi-

2028 4593 2227 4643 mulare
2283 4603 2617 4655 nequaquam
2675 4598 2950 4657 potuisset.
3036 4593 3314 4656 Quocirca,

2028 4675 2122 4724 etsi
2150 4673 2316 4734 Lipsii
2346 4672 2702 4737 Gronovllque
2741 4676 2812 4724 cis
2837 4686 2945 4726 non
2972 4683 3314 4736 praestamus,

2026 4753 2248 4803 similem
2289 4757 2462 4804 umen
2498 4756 2814 4806 sententiam
2843 4757 3158 4817 requirimus
3188 4755 3317 4805 Gro-

2029 4834 2281 4883 novisnae
2320 4832 2429 4892 tili,
2485 4836 2560 4885 sic
2596 4840 2769 4885 tanen
2807 4835 3000 4886 clarius
3039 4838 3319 4887 enuntian-

2029 4913 2186 4962 dam:
2230 4913 2517 4975 «ignosce,
2555 4912 2815 4974 Caesam»
2874 4916 3084 4979 inquit,
3141 4915 3317 4976 «quod

2028 4999 2149 5043 ante
2197 4991 2401 5042 substiti
2441 4994 2494 5042 ln
2536 4991 2721 5045 Vettiis
2769 4995 3097 5060 Plautiisque
3150 4994 3217 5044 ad
3265 5000 3318 5047 te

2028 5071 2326 5123 deferendis
2382 5083 2480 5122 nec
2530 5083 2831 5136 progressus
2879 5089 2998 5126 sum
3044 5088 3215 5137 usque
3249 5075 3318 5125 ad

2027 5152 2251 5214 Silium,
2289 5152 2458 5205 virum
2493 5154 2658 5204 multo
2695 5156 3001 5218 ampliorem
3038 5162 3094 5209 et
3131 5167 3319 5208 consu·
