3734 5917
210 641 304 693 urs
317 622 574 699 Βοωιιιικ
588 621 747 697 corno
757 646 803 693 rra·
814 622 986 695 Panorrso
1002 625 1042 693 V.
1055 623 1095 693 0.
1110 622 1220 696 Gona-
1229 646 1276 696 rm
1285 626 1386 702 moso
1396 621 1555 698 litania

211 756 508 812 coaraoassaraa
541 758 766 810 summane
789 758 946 806 onaronr
972 738 1235 810 binorurcnro.
1278 739 1427 810 Russus
1450 737 1553 814 coo-

208 868 487 920 sraarrauronr
507 870 711 922 arcocnrorr
737 846 924 919 Garsanro
947 872 994 922 rr
1014 850 1156 919 Arrrco
1183 847 1317 921 Conss.
1334 850 1358 929 ¹)

295 962 356 1033 lv.
389 980 466 1055 pag·
501 963 588 1033 ios
632 962 788 1033 Eiusdem
814 964 1024 1033 Floridorum
1051 965 1143 1031 libri
1169 964 1228 1031 1v.
1258 970 1296 1031 ut
1322 964 1402 1031 ibic.
1429 958 1554 1049 9111.

207 1072 442 1165 Subscriptio,
478 1096 562 1164 quae
587 1076 730 1145 babetur
753 1081 789 1144 in
814 1078 877 1145 ine
904 1076 1227 1162 Metamorpboaeon
1251 1082 1303 1145 est
1329 1079 1373 1145 sb
1401 1079 1553 1163 imperito

209 1191 405 1282 supposita,
426 1190 682 1257 Montfaoconio
698 1192 795 1257 etiam
815 1194 919 1269 teate,
941 1192 995 1277 qni
1011 1186 1167 1257 Codicom
1181 1189 1269 1258 hunc
1285 1210 1370 1257 num.
1384 1189 1553 1262 XXVlll.

207 1303 288 1370 ideo
305 1306 477 1395 recenset,
499 1322 571 1370 com
587 1302 687 1370 hodie
701 1305 746 1369 sit
767 1304 828 1371 sub
847 1324 934 1369 num.
953 1304 1020 1388 ll·,
1042 1302 1131 1388 quod
1154 1305 1231 1389 posi
1257 1302 1461 1371 Ituccianum
1484 1301 1555 1372 Ca-

207 1419 376 1509 inlogum,
421 1436 516 1503 quem
547 1416 825 1484 Moniiauconius
857 1416 977 1505 edidit,
1012 1416 1147 1481 diversa
1166 1413 1323 1483 Codicum
1350 1417 1553 1503 quorundam

208 1531 293 1599 inito
314 1532 416 1597 iuerlt
438 1532 630 1597 numeratio.

296 1640 431 1711 Cmtius
451 1642 618 1727 Picbena,
640 1644 694 1729 qui
718 1640 806 1709 buno
830 1640 914 1707 uidit
936 1642 1072 1733 librum,
1094 1660 1201 1729 eoque
1223 1660 1305 1709 usus
1323 1645 1398 1729 est,
1418 1644 1467 1707 uti
1488 1662 1554 1729 ap-

208 1760 308 1845 paret
327 1775 368 1826 en
391 1754 587 1845 syngrapha
607 1755 820 1845 autographa
842 1756 947 1841 ipsius
965 1754 1133 1823 Ptcbenae
1151 1774 1242 1821 nona
1265 1754 1320 1822 oio
1337 1755 1413 1823 lolii
1438 1751 1554 1827 1599.

207 1874 244 1937 in
264 1875 383 1937 vetere
407 1869 572 1959 catalogo
594 1871 764 1955 reposita,
786 1867 950 1953 deceptus
975 1875 1046 1957 ost,
1079 1866 1156 1933 durs
1181 1868 1333 1953 putavit,
1365 1886 1441 1935 asse
1466 1868 1555 1940 bono

208 1980 367 2053 codicem
398 1980 542 2051 oimoom
569 1982 801 2067 antiquitatis,
834 1998 875 2047 sc
902 1981 1052 2065 praeteri
1076 1981 1280 2065 subscriptio
1309 1975 1483 2065 sarman,
1519 1984 1555 2047 et

208 2102 342 2183 tempus
356 2092 544 2165 Consulum.
586 2095 641 2161 lta
659 2095 743 2164 enim
768 2094 802 2161 in
821 2112 925 2179 sopra
946 2095 1052 2159 citata
1065 2092 1284 2161 Praefatione
1309 2094 1469 2161 lectoren
1488 2092 1555 2165 ael..

209 2211 377 2297 loquitor:
411 2208 581 2274 «Alterum
608 2210 660 2273 est
686 2207 856 2293 exemplar
882 2207 1065 2273 barbaricis
1090 2204 1344 2273 characteribus
1365 2209 1553 2283 ermion,

210 2342 296 2410 quos
317 2320 593 2412 langobardicos
616 2320 804 2407 appellant;
835 2317 895 2384 sed
920 2317 1136 2385 meoiudicio
1162 2316 1251 2384 baud
1276 2322 1392 2406 recte3
1424 2338 1499 2385 nam
1524 2320 1554 2388 ls

208 2436 295 2502 liber
314 2435 505 2519 exscriptus
524 2435 621 2499 annis
640 2434 683 2499 ab
702 2451 789 2499 aem
816 2431 880 2499 boc
902 2432 979 2518 plns
997 2433 1084 2498 mille
1104 2430 1279 2517 docentis3
1308 2430 1443 2497 adnexa
1468 2434 1554 2498 enim

207 2552 287 2620 sunt
299 2548 432 2633 Apuleii
449 2547 608 2613 nonnulla
623 2546 737 2613 iisdem
753 2546 1018 2627 characteribus,
1033 2549 1069 2610 et
1083 2543 1214 2628 eadem,
1229 2547 1266 2609 ui
1280 2543 1424 2628 videtur,
1438 2562 1554 2632 manu3

207 2680 250 2731 ac
275 2661 434 2747 frequens
462 2662 496 2727 in
522 2661 705 2727 libellorum
736 2659 798 2725 tine
826 2660 1029 2742 subscriptio
1051 2655 1161 2741 crispi
1188 2656 1358 2723 cuiusdam
1379 2653 1554 2747 Saliustii,

209 2777 265 2861 qui
283 2776 385 2849 ‚eiiam
408 2774 528 2840 alicubi
549 2775 617 2838 uit:
639 2772 718 2860 Epo
741 2769 936 2839 Saliiestius
955 2772 1024 2857 iepi
1044 2775 1108 2837 cet.
1149 2768 1287 2835 Priores
1301 2788 1342 2837 co
1356 2788 1446 2835 auno
1467 2789 1554 2839 con-

208 2886 317 2975 sules,
353 2904 418 2972 quo
446 2884 654 2952 Theodosius
680 2885 707 2951 1.
736 2886 916 2969 imperator
937 2885 1019 2951 obiit
1047 2903 1067 2949 a
1090 2880 1326 2950 chrisianam
1349 2878 1553 2970 CCCXCV,

207 3000 307 3067 alieri
330 3003 407 3084 post
429 2999 614 3085 biennium3
647 2996 785 3065 necdum
809 3000 920 3083 itaque
948 3016 989 3064 co
1012 2998 1178 3082 temporo,
1200 3016 1265 3082 quo
1288 2997 1372 3062 liber
1386 2998 1553 3065 esttran-

207 3113 377 3197 scriptus,
409 3110 621 3201 Langobardi
650 3113 683 3175 in
711 3112 839 3177 ltaliam
864 3112 1059 3194 imperant·
1103 3108 1247 3176 Fallitur
1267 3108 1416 3176 Plchena
1442 3112 1553 3193 etlam,

208 3225 286 3293 dum
307 3225 447 3289 inferius
467 3224 638 3311 adiungit:
663 3225 824 3309 «itemque
845 3224 878 3289 in
903 3224 1046 3308 priorum
1062 3220 1242 3290 Annalium
1260 3223 1428 3289 uolumine
1443 3222 1552 3313 cibat,

207 3338 308 3428 iiiut,
336 3342 442 3408 istaut,
478 3342 583 3425 oport,
609 3334 718 3425 buret,
744 3342 836 3425 quit,
860 3336 1004 3426 aliquit,
1030 3340 1106 3421 θοις
1138 3353 1213 3404 nam
1244 3354 1312 3401 non
1340 3333 1416 3402 ideo
1438 3334 1552 3404 credi-

209 3450 313 3518 derim
334 3452 384 3515 sic
405 3450 550 3534 antiquis
576 3451 754 3537 usitatum,
785 3447 845 3513 sed
873 3466 916 3515 ex
943 3450 1215 3533 pronuntiatione
1237 3448 1436 3517 Germanica
1457 3449 1553 3515 inre·

209 3564 338 3651 potsse,
371 3564 621 3647 transcripturis
651 3564 868 3652 negligentia.
919 3560 958 3627 ln
988 3561 1173 3649 virgiliano
1196 3561 1320 3629 Codice
1347 3565 1402 3625 ret
1428 3554 1552 3645 passim

208 3677 404 3761 repertion-
448 3674 571 3741 Mirum
601 3673 690 3760 quml
712 3674 913 3743 Francisous
934 3673 1117 3739 Venturius
1147 3675 1308 3759 patricius
1335 3673 1552 3744 Florentiam

208 3807 293 3856 sane
315 3786 434 3852 doctas
456 3790 490 3851 et
511 3788 661 3851 acerrimi
685 3788 809 3877 ingenii
832 3789 902 3867 vir,
924 3788 1020 3852 cuius
1042 3805 1145 3870 opera
1166 3806 1248 3851 usus
1269 3792 1323 3853 esi
1344 3785 1408 3853 bac
1430 3788 1463 3851 ia
1485 3784 1552 3852 ael.

210 3899 362 3969 ornanda
381 3902 500 3986 spartei
518 3898 685 3985 Piclrena,
717 3898 814 3964 huius
836 3901 960 3965 erroris
981 3906 1016 3965 et
1037 3901 1186 3965 acrlaeos
1208 3918 1277 3964 non
1303 3900 1550 3965 commonuerit.

209 4013 434 4082 Excusanalus
460 4012 626 4097 Picbena,
662 4013 716 4099 qul
745 4013 788 4078 ab
818 4014 953 4079 ineunte
980 4016 1092 4077 aetate
1123 4012 1257 4097 aulicis,
1292 4015 1331 4077 ut
1352 4010 1394 4077 (le
1415 4030 1453 4077 se
1475 4014 1548 4099 ipso

212 4130 357 4211 fatetur,
385 4127 658 4212 occupationibus
679 4126 879 4208 innutritus,
916 4126 1069 4211 politiora
1102 4123 1214 4191 studia
1250 4126 1384 4191 summis
1421 4128 1551 4196 tontum

209 4243 314 4309 labris
334 4239 542 4307 delibaverit.

286 4352 401 4421 Codex
423 4354 639 4419 menbranae.
654 4350 721 4417 Ms.
740 4353 773 4415 in
797 4348 1023 4419 iol.Sec.X1.
1043 4350 1239 4417 charactere
1253 4350 1511 4439 Langobardico
1525 4345 1551 4432 9)

211 4468 442 4555 conscriptus,
463 4468 573 4530 multis
594 4466 628 4530 in
650 4465 733 4529 locis
755 4464 938 4546 siraninus,
959 4465 1013 4530 ubi
1037 4464 1203 4549 posterior
1225 4462 1375 4551 quidem,
1403 4463 1464 4530 sed
1485 4484 1551 4531 ve-

211 4585 300 4647 tusta
316 4597 432 4647 manuos
446 4572 471 4654 ³)
493 4577 603 4644 deleta
624 4579 729 4644 verba
751 4578 785 4643 in
808 4580 927 4662 spatiis
948 4578 1216 4643 interlinearibus
1238 4579 1432 4667 rescripsit3
1455 4597 1551 4665 quem

279 4764 306 4831 i)
326 4766 424 4817 Eadem
440 4764 599 4828 subscriptio
619 4766 713 4831 legitur
732 4768 811 4819 silam
831 4767 858 4815 in
880 4765 951 4815 dieto
971 4763 1036 4815 Cod-
1058 4764 1094 4814 ΙΙ.
1114 4762 1184 4814 Piui.
1203 4760 1305 4816 xxiii.

281 4862 307 4929 a)
332 4864 373 4918 Iis
389 4866 516 4927 scriptura
535 4865 731 4929 langobardica
759 4864 849 4917 conisa
876 4868 946 4915 inter
970 4864 1036 4915 alios
1061 4862 1160 4914 Natalis
1188 4862 1222 4916 ds
1240 4862 1339 4931 Wstlty
1362 4850 1493 4915 liitmaots
1517 4864 1551 4917 (is

211 4954 410 5019 puiioprupbia.
446 4952 523 5005 Paris
541 4954 620 5006 1838.
642 4968 667 5017 p.
688 4955 740 5007 650
757 4968 833 5019 seqq·
872 4952 924 5005 On.

282 5050 309 5119 ³)
339 5052 414 5105 liaeo
436 5055 566 5115 posterior
589 5065 681 5105 manus
699 5052 770 5105 baud
790 5052 890 5117 obtqua
908 5055 1021 5117 primam
1039 5064 1146 5105 romum
1163 5051 1264 5105 librani
1282 5057 1405 5105 areanis
1422 5050 1550 5105 rsidtitt.

213 5140 308 5211 laqus
325 5142 423 5197 baum
440 5140 561 5205 nitetur.
579 5150 609 5195 ut
626 5144 761 5200 intortum
778 5142 812 5199 ab
831 5144 879 5207 iis,
898 5145 946 5211 qut
963 5144 1073 5208 resima
1090 5146 1195 5209 primas
1210 5152 1305 5195 manus
1322 5147 1430 5209 proptor
1447 5139 1552 5207 iussit
