<?xml version="1.0" encoding="UTF-8"?>
<!DOCTYPE html PUBLIC "-//W3C//DTD XHTML 1.0 Transitional//EN"
    "http://www.w3.org/TR/xhtml1/DTD/xhtml1-transitional.dtd">
<html xmlns="http://www.w3.org/1999/xhtml" xml:lang="en" lang="en">
 <head>
  <title>
</title>
<meta http-equiv="Content-Type" content="text/html;charset=utf-8" />
  <meta name='ocr-system' content='tesseract 3.04.00' />
  <meta name='ocr-capabilities' content='ocr_page ocr_carea ocr_par ocr_line ocrx_word'/>
</head>
<body>
  <div class='ocr_page' id='page_1' title='image "./opera05tacigoog/opera05tacigoog_0411.png"; bbox 0 0 3734 5917; ppageno 0'>
   <div class='ocr_carea' id='block_1_1' title="bbox 608 533 1525 619">
    <p class='ocr_par' dir='ltr' id='par_1_1' title="bbox 608 533 1525 619">
     <span class='ocr_line' id='line_1_1' title="bbox 608 533 1525 619; baseline -0.002 -19"><span class='ocrx_word' id='word_1_1' title='bbox 608 535 727 600; x_wconf 78' lang='lat' dir='ltr'><strong>aman</strong></span> <span class='ocrx_word' id='word_1_2' title='bbox 753 533 826 598; x_wconf 86' lang='lat' dir='ltr'><strong>xrr.</strong></span> <span class='ocrx_word' id='word_1_3' title='bbox 871 535 945 619; x_wconf 73' lang='lat' dir='ltr'><strong>cap.</strong></span> <span class='ocrx_word' id='word_1_4' title='bbox 969 535 1001 599; x_wconf 85' lang='lat' dir='ltr'><strong>e.</strong></span> <span class='ocrx_word' id='word_1_5' title='bbox 1026 537 1056 599; x_wconf 84' lang='lat'><strong>5.</strong></span> <span class='ocrx_word' id='word_1_6' title='bbox 1082 537 1113 598; x_wconf 87' lang='lat' dir='ltr'><strong>e.</strong></span> <span class='ocrx_word' id='word_1_7' title='bbox 1464 533 1525 598; x_wconf 81' lang='lat' dir='ltr'><strong>ecs</strong></span> 
     </span>
    </p>
   </div>
   <div class='ocr_carea' id='block_1_2' title="bbox 196 690 1569 2477">
    <p class='ocr_par' dir='ltr' id='par_1_2' title="bbox 196 690 1569 2477">
     <span class='ocr_line' id='line_1_2' title="bbox 197 690 1528 781; baseline 0.001 -24"><span class='ocrx_word' id='word_1_8' title='bbox 197 702 231 758; x_wconf 90' lang='lat' dir='ltr'><strong>et</strong></span> <span class='ocrx_word' id='word_1_9' title='bbox 251 693 414 758; x_wconf 83' lang='lat' dir='ltr'><strong>consensui</strong></span> <span class='ocrx_word' id='word_1_10' title='bbox 437 693 587 780; x_wconf 87' lang='lat' dir='ltr'><strong>imparem</strong></span> <span class='ocrx_word' id='word_1_11' title='bbox 608 695 784 781; x_wconf 87' lang='lat' dir='ltr'><strong>respondit,</strong></span> <span class='ocrx_word' id='word_1_12' title='bbox 815 693 958 780; x_wconf 91' lang='lat' dir='ltr'><strong>opperiri</strong></span> <span class='ocrx_word' id='word_1_13' title='bbox 987 695 1070 758; x_wconf 87' lang='lat' dir='ltr'><strong>inira</strong></span> <span class='ocrx_word' id='word_1_14' title='bbox 1089 690 1237 779; x_wconf 90' lang='lat' dir='ltr'><strong>palatium</strong></span> <span class='ocrx_word' id='word_1_15' title='bbox 1259 691 1358 757; x_wconf 91' lang='lat' dir='ltr'><strong>iubet.</strong></span> <span class='ocrx_word' id='word_1_16' title='bbox 1385 690 1451 778; x_wconf 90' lang='lat' dir='ltr'><strong>ipse</strong></span> <span class='ocrx_word' id='word_1_17' title='bbox 1474 711 1528 758; x_wconf 90' lang='lat' dir='ltr'><strong>cu·</strong></span> 
     </span>
     <span class='ocr_line' id='line_1_3' title="bbox 196 804 1529 894; baseline 0.002 -25"><span class='ocrx_word' id='word_1_18' title='bbox 196 804 276 870; x_wconf 73' lang='lat' dir='ltr'><strong>dam</strong></span> <span class='ocrx_word' id='word_1_19' title='bbox 297 806 487 890; x_wconf 76' lang='lat' dir='ltr'>ingreditur,</span> <span class='ocrx_word' id='word_1_20' title='bbox 512 829 729 894; x_wconf 81' lang='lat' dir='ltr'><strong>summamque</strong></span> <span class='ocrx_word' id='word_1_21' title='bbox 752 807 997 890; x_wconf 89' lang='lat' dir='ltr'><strong>rempublicam</strong></span> <span class='ocrx_word' id='word_1_22' title='bbox 1019 809 1069 892; x_wconf 83' lang='lat' dir='ltr'><strong>agi</strong></span> <span class='ocrx_word' id='word_1_23' title='bbox 1091 805 1250 872; x_wconf 85' lang='lat' dir='ltr'><strong>obtestans</strong></span> <span class='ocrx_word' id='word_1_24' title='bbox 1266 806 1388 872; x_wconf 90' lang='lat' dir='ltr'><strong>veniam</strong></span> <span class='ocrx_word' id='word_1_25' title='bbox 1405 805 1529 872; x_wconf 90' lang='lat' dir='ltr'><strong>dicendi</strong></span> 
     </span>
     <span class='ocr_line' id='line_1_4' title="bbox 197 919 1528 1008; baseline 0 -24"><span class='ocrx_word' id='word_1_26' title='bbox 197 929 268 986; x_wconf 86' lang='lat' dir='ltr'><strong>sate</strong></span> <span class='ocrx_word' id='word_1_27' title='bbox 290 919 368 986; x_wconf 89' lang='lat' dir='ltr'><strong>alios</strong></span> <span class='ocrx_word' id='word_1_28' title='bbox 390 921 546 1006; x_wconf 86' lang='lat' dir='ltr'><strong>exposcit,</strong></span> <span class='ocrx_word' id='word_1_29' title='bbox 568 920 753 1008; x_wconf 78' lang='lat' dir='ltr'><strong>orditurque</strong></span> <span class='ocrx_word' id='word_1_30' title='bbox 776 919 975 1004; x_wconf 80' lang='lat' dir='ltr'><strong>gravissimos</strong></span> <span class='ocrx_word' id='word_1_31' title='bbox 997 919 1147 1005; x_wconf 86' lang='lat' dir='ltr'><strong>principis</strong></span> <span class='ocrx_word' id='word_1_32' title='bbox 1166 919 1307 998; x_wconf 88' lang='lat' dir='ltr'><strong>labores,</strong></span> <span class='ocrx_word' id='word_1_33' title='bbox 1332 921 1402 1006; x_wconf 88' lang='lat' dir='ltr'><strong>quis</strong></span> <span class='ocrx_word' id='word_1_34' title='bbox 1418 923 1528 984; x_wconf 90' lang='lat' dir='ltr'><strong>orbem</strong></span> 
     </span>
     <span class='ocr_line' id='line_1_5' title="bbox 197 1032 1529 1121; baseline -0.001 -23"><span class='ocrx_word' id='word_1_35' title='bbox 197 1041 302 1098; x_wconf 88' lang='lat' dir='ltr'><strong>terrae</strong></span> <span class='ocrx_word' id='word_1_36' title='bbox 323 1043 481 1118; x_wconf 75' lang='lat' dir='ltr'><strong>capessat,</strong></span> <span class='ocrx_word' id='word_1_37' title='bbox 504 1054 598 1121; x_wconf 78' lang='lat' dir='ltr'><strong>cgere</strong></span> <span class='ocrx_word' id='word_1_38' title='bbox 619 1032 831 1110; x_wconf 84' lang='lat' dir='ltr'><strong>adminiculis,</strong></span> <span class='ocrx_word' id='word_1_39' title='bbox 855 1041 891 1099; x_wconf 89' lang='lat' dir='ltr'><strong>ut</strong></span> <span class='ocrx_word' id='word_1_40' title='bbox 904 1033 1073 1099; x_wconf 88' lang='lat' dir='ltr'><strong>domestica</strong></span> <span class='ocrx_word' id='word_1_41' title='bbox 1089 1055 1164 1100; x_wconf 86' lang='lat' dir='ltr'><strong>cura</strong></span> <span class='ocrx_word' id='word_1_42' title='bbox 1179 1055 1294 1100; x_wconf 88' lang='lat' dir='ltr'><strong>vacuus</strong></span> <span class='ocrx_word' id='word_1_43' title='bbox 1314 1035 1529 1099; x_wconf 85' lang='lat' dir='ltr'><strong>incommune</strong></span> 
     </span>
     <span class='ocr_line' id='line_1_6' title="bbox 197 1145 1551 1232; baseline 0.001 -21"><span class='ocrx_word' id='word_1_44' title='bbox 197 1145 346 1211; x_wconf 86' lang='lat' dir='ltr'><strong>consulat.</strong></span> <span class='ocrx_word' id='word_1_45' title='bbox 368 1149 453 1231; x_wconf 92' lang='lat' dir='ltr'><strong>qnod</strong></span> <span class='ocrx_word' id='word_1_46' title='bbox 474 1167 570 1230; x_wconf 92' lang='lat' dir='ltr'><strong>porro</strong></span> <span class='ocrx_word' id='word_1_47' title='bbox 593 1147 754 1213; x_wconf 80' lang='lat' dir='ltr'><strong>honestius</strong></span> <span class='ocrx_word' id='word_1_48' title='bbox 776 1149 937 1212; x_wconf 86' lang='lat' dir='ltr'><strong>censoriae</strong></span> <span class='ocrx_word' id='word_1_49' title='bbox 959 1149 1071 1213; x_wconf 90' lang='lat' dir='ltr'><strong>mentis</strong></span> <span class='ocrx_word' id='word_1_50' title='bbox 1092 1146 1301 1213; x_wconf 88' lang='lat' dir='ltr'><strong>levamentum</strong></span> <span class='ocrx_word' id='word_1_51' title='bbox 1325 1168 1418 1232; x_wconf 90' lang='lat' dir='ltr'><strong>qnam</strong></span> <span class='ocrx_word' id='word_1_52' title='bbox 1441 1159 1551 1212; x_wconf 82' lang='lat' dir='ltr'><strong>assu-t</strong></span> 
     </span>
     <span class='ocr_line' id='line_1_7' title="bbox 197 1259 1527 1346; baseline 0 -23"><span class='ocrx_word' id='word_1_53' title='bbox 197 1279 286 1323; x_wconf 89' lang='lat' dir='ltr'><strong>mere</strong></span> <span class='ocrx_word' id='word_1_54' title='bbox 315 1261 494 1342; x_wconf 81' lang='lat' dir='ltr'><strong>coniugem,</strong></span> <span class='ocrx_word' id='word_1_55' title='bbox 528 1261 690 1345; x_wconf 84' lang='lat' dir='ltr'><strong>prosperis</strong></span> <span class='ocrx_word' id='word_1_56' title='bbox 719 1262 884 1346; x_wconf 90' lang='lat' dir='ltr'><strong>dubiisque</strong></span> <span class='ocrx_word' id='word_1_57' title='bbox 915 1260 1048 1336; x_wconf 88' lang='lat' dir='ltr'><strong>sociam,</strong></span> <span class='ocrx_word' id='word_1_58' title='bbox 1084 1261 1135 1325; x_wconf 89' lang='lat' dir='ltr'><strong>cni</strong></span> <span class='ocrx_word' id='word_1_59' title='bbox 1159 1259 1363 1346; x_wconf 82' lang='lat' dir='ltr'><strong>cogitationes</strong></span> <span class='ocrx_word' id='word_1_60' title='bbox 1386 1261 1527 1337; x_wconf 90' lang='lat' dir='ltr'><strong>intimas,</strong></span> 
     </span>
     <span class='ocr_line' id='line_1_8' title="bbox 198 1369 1531 1460; baseline 0 -22"><span class='ocrx_word' id='word_1_61' title='bbox 198 1373 248 1438; x_wconf 87' lang='lat' dir='ltr'><strong>cci</strong></span> <span class='ocrx_word' id='word_1_62' title='bbox 270 1391 383 1457; x_wconf 87' lang='lat' dir='ltr'><strong>parvos</strong></span> <span class='ocrx_word' id='word_1_63' title='bbox 405 1369 523 1437; x_wconf 87' lang='lat' dir='ltr'><strong>liberos</strong></span> <span class='ocrx_word' id='word_1_64' title='bbox 544 1371 662 1449; x_wconf 89' lang='lat' dir='ltr'><strong>tradat,</strong></span> <span class='ocrx_word' id='word_1_65' title='bbox 696 1393 760 1438; x_wconf 93' lang='lat' dir='ltr'><strong>non</strong></span> <span class='ocrx_word' id='word_1_66' title='bbox 788 1371 878 1438; x_wconf 78' lang='lat' dir='ltr'><strong>luxui</strong></span> <span class='ocrx_word' id='word_1_67' title='bbox 909 1381 962 1438; x_wconf 89' lang='lat' dir='ltr'><strong>aut</strong></span> <span class='ocrx_word' id='word_1_68' title='bbox 988 1372 1198 1460; x_wconf 87' lang='lat' dir='ltr'><strong>voluptatibus</strong></span> <span class='ocrx_word' id='word_1_69' title='bbox 1220 1371 1434 1451; x_wconf 82' lang='lat' dir='ltr'><strong>adsuefactus,</strong></span> <span class='ocrx_word' id='word_1_70' title='bbox 1475 1371 1531 1438; x_wconf 89' lang='lat' dir='ltr'><strong>sed</strong></span> 
     </span>
     <span class='ocr_line' id='line_1_9' title="bbox 198 1483 1531 1572; baseline 0.001 -23"><span class='ocrx_word' id='word_1_71' title='bbox 198 1485 251 1570; x_wconf 91' lang='lat' dir='ltr'><strong>qni</strong></span> <span class='ocrx_word' id='word_1_72' title='bbox 272 1485 374 1571; x_wconf 86' lang='lat' dir='ltr'><strong>prima</strong></span> <span class='ocrx_word' id='word_1_73' title='bbox 395 1490 435 1550; x_wconf 89' lang='lat' dir='ltr'><strong>ab</strong></span> <span class='ocrx_word' id='word_1_74' title='bbox 457 1486 583 1551; x_wconf 87' lang='lat' dir='ltr'><strong>iuventa</strong></span> <span class='ocrx_word' id='word_1_75' title='bbox 605 1483 726 1569; x_wconf 83' lang='lat' dir='ltr'><strong>legibus</strong></span> <span class='ocrx_word' id='word_1_76' title='bbox 748 1485 1037 1572; x_wconf 86' lang='lat' dir='ltr'><strong>obtemperavisset.</strong></span> <span class='ocrx_word' id='word_1_77' title='bbox 1083 1483 1125 1572; x_wconf 86' lang='grc'><strong>(6)</strong></span> <span class='ocrx_word' id='word_1_78' title='bbox 1147 1494 1313 1572; x_wconf 89' lang='lat' dir='ltr'><strong>postquam</strong></span> <span class='ocrx_word' id='word_1_79' title='bbox 1335 1487 1415 1553; x_wconf 91' lang='lat' dir='ltr'><strong>haec</strong></span> <span class='ocrx_word' id='word_1_80' title='bbox 1442 1484 1531 1551; x_wconf 84' lang='lat' dir='ltr'><strong>lavo-</strong></span> 
     </span>
     <span class='ocr_line' id='line_1_10' title="bbox 196 1585 1529 1686; baseline 0.002 -23"><span class='ocrx_word' id='word_1_81' title='bbox 196 1596 289 1663; x_wconf 88' lang='lat' dir='ltr'><strong>rabili</strong></span> <span class='ocrx_word' id='word_1_82' title='bbox 312 1597 454 1664; x_wconf 85' lang='lat' dir='ltr'><strong>oratione</strong></span> <span class='ocrx_word' id='word_1_83' title='bbox 474 1601 636 1685; x_wconf 86' lang='lat' dir='ltr'><strong>praemisit</strong></span> <span class='ocrx_word' id='word_1_84' title='bbox 656 1585 815 1684; x_wconf 82' lang='lat' dir='ltr'><strong>multaque</strong></span> <span class='ocrx_word' id='word_1_85' title='bbox 842 1608 967 1685; x_wconf 91' lang='lat' dir='ltr'><strong>patrum</strong></span> <span class='ocrx_word' id='word_1_86' title='bbox 998 1604 1165 1665; x_wconf 89' lang='lat' dir='ltr'><strong>assentatio</strong></span> <span class='ocrx_word' id='word_1_87' title='bbox 1195 1597 1401 1685; x_wconf 88' lang='lat' dir='ltr'><strong>sequebatur,</strong></span> <span class='ocrx_word' id='word_1_88' title='bbox 1439 1608 1529 1686; x_wconf 91' lang='lat' dir='ltr'><strong>capto</strong></span> 
     </span>
     <span class='ocr_line' id='line_1_11' title="bbox 196 1710 1564 1799; baseline -0.003 -23"><span class='ocrx_word' id='word_1_89' title='bbox 196 1730 307 1776; x_wconf 88' lang='lat' dir='ltr'><strong>rursus</strong></span> <span class='ocrx_word' id='word_1_90' title='bbox 332 1710 439 1788; x_wconf 89' lang='lat' dir='ltr'><strong>initio,</strong></span> <span class='ocrx_word' id='word_1_91' title='bbox 474 1710 599 1798; x_wconf 90' lang='lat' dir='ltr'><strong>quando</strong></span> <span class='ocrx_word' id='word_1_92' title='bbox 627 1713 834 1777; x_wconf 86' lang='lat' dir='ltr'><strong>maritandum</strong></span> <span class='ocrx_word' id='word_1_93' title='bbox 866 1713 1039 1799; x_wconf 87' lang='lat' dir='ltr'><strong>principem</strong></span> <span class='ocrx_word' id='word_1_94' title='bbox 1072 1713 1175 1778; x_wconf 90' lang='lat' dir='ltr'><strong>cuncti</strong></span> <span class='ocrx_word' id='word_1_95' title='bbox 1207 1711 1395 1790; x_wconf 89' lang='lat' dir='ltr'><strong>suaderent,</strong></span> <span class='ocrx_word' id='word_1_96' title='bbox 1435 1711 1564 1799; x_wconf 79' lang='lat' dir='ltr'><strong>deligito</strong></span> 
     </span>
     <span class='ocr_line' id='line_1_12' title="bbox 198 1823 1531 1911; baseline 0 -22"><span class='ocrx_word' id='word_1_97' title='bbox 198 1833 344 1910; x_wconf 86' lang='lat' dir='ltr'><strong>oportere</strong></span> <span class='ocrx_word' id='word_1_98' title='bbox 373 1823 521 1890; x_wconf 83' lang='lat' dir='ltr'><strong>seminam</strong></span> <span class='ocrx_word' id='word_1_99' title='bbox 553 1823 714 1891; x_wconf 88' lang='lat' dir='ltr'><strong>nobilitate</strong></span> <span class='ocrx_word' id='word_1_100' title='bbox 743 1824 920 1911; x_wconf 91' lang='lat' dir='ltr'><strong>puerperiis</strong></span> <span class='ocrx_word' id='word_1_101' title='bbox 951 1824 1155 1891; x_wconf 86' lang='lat' dir='ltr'><strong>sanctimonia</strong></span> <span class='ocrx_word' id='word_1_102' title='bbox 1184 1826 1349 1910; x_wconf 80' lang='lat' dir='ltr'><strong>insignem.</strong></span> <span class='ocrx_word' id='word_1_103' title='bbox 1385 1844 1444 1890; x_wconf 90' lang='lat' dir='ltr'><strong>neo</strong></span> <span class='ocrx_word' id='word_1_104' title='bbox 1477 1823 1531 1890; x_wconf 95' lang='lat' dir='ltr'><strong>diu</strong></span> 
     </span>
     <span class='ocr_line' id='line_1_13' title="bbox 197 1935 1530 2026; baseline 0.001 -24"><span class='ocrx_word' id='word_1_105' title='bbox 197 1935 425 2024; x_wconf 84' lang='lat' dir='ltr'><strong>anquirendum</strong></span> <span class='ocrx_word' id='word_1_106' title='bbox 458 1937 533 2026; x_wconf 91' lang='lat' dir='ltr'><strong>quin</strong></span> <span class='ocrx_word' id='word_1_107' title='bbox 564 1937 735 2024; x_wconf 78' lang='lat' dir='ltr'><strong>Agrippina</strong></span> <span class='ocrx_word' id='word_1_108' title='bbox 756 1937 940 2004; x_wconf 87' lang='lat' dir='ltr'><strong>claritudine</strong></span> <span class='ocrx_word' id='word_1_109' title='bbox 962 1941 1087 2024; x_wconf 83' lang='lat' dir='ltr'><strong>generis</strong></span> <span class='ocrx_word' id='word_1_110' title='bbox 1118 1943 1265 2004; x_wconf 87' lang='lat' dir='ltr'><strong>anteiret:</strong></span> <span class='ocrx_word' id='word_1_111' title='bbox 1304 1938 1409 2004; x_wconf 90' lang='lat' dir='ltr'><strong>datum</strong></span> <span class='ocrx_word' id='word_1_112' title='bbox 1432 1935 1471 2002; x_wconf 92' lang='lat' dir='ltr'><strong>ab</strong></span> <span class='ocrx_word' id='word_1_113' title='bbox 1494 1959 1530 2003; x_wconf 90' lang='lat' dir='ltr'><strong>ea</strong></span> 
     </span>
     <span class='ocr_line' id='line_1_14' title="bbox 196 2048 1529 2136; baseline 0.002 -22"><span class='ocrx_word' id='word_1_114' title='bbox 196 2048 393 2115; x_wconf 83' lang='lat' dir='ltr'><strong>fecunditatis</strong></span> <span class='ocrx_word' id='word_1_115' title='bbox 423 2053 690 2136; x_wconf 81' lang='lat' dir='ltr'><strong>experimentum,</strong></span> <span class='ocrx_word' id='word_1_116' title='bbox 727 2058 758 2115; x_wconf 91' lang='lat' dir='ltr'><strong>et</strong></span> <span class='ocrx_word' id='word_1_117' title='bbox 787 2071 962 2135; x_wconf 82' lang='lat' dir='ltr'><strong>congruere</strong></span> <span class='ocrx_word' id='word_1_118' title='bbox 983 2060 1075 2118; x_wconf 83' lang='lat' dir='ltr'><strong>artes</strong></span> <span class='ocrx_word' id='word_1_119' title='bbox 1103 2053 1262 2120; x_wconf 89' lang='lat' dir='ltr'><strong>honestas.</strong></span> <span class='ocrx_word' id='word_1_120' title='bbox 1284 2051 1317 2117; x_wconf 91' lang='lat' dir='ltr'><strong>id</strong></span> <span class='ocrx_word' id='word_1_121' title='bbox 1339 2073 1417 2118; x_wconf 90' lang='lat' dir='ltr'><strong>vero</strong></span> <span class='ocrx_word' id='word_1_122' title='bbox 1440 2072 1529 2136; x_wconf 83' lang='lat' dir='ltr'><strong>egre·</strong></span> 
     </span>
     <span class='ocr_line' id='line_1_15' title="bbox 197 2162 1533 2251; baseline 0 -23"><span class='ocrx_word' id='word_1_123' title='bbox 197 2163 301 2248; x_wconf 64' lang='lat' dir='ltr'><strong>pinum</strong></span> <span class='ocrx_word' id='word_1_124' title='bbox 340 2163 426 2248; x_wconf 92' lang='lat' dir='ltr'><strong>quod</strong></span> <span class='ocrx_word' id='word_1_125' title='bbox 455 2163 584 2250; x_wconf 86' lang='lat' dir='ltr'><strong>provisu</strong></span> <span class='ocrx_word' id='word_1_126' title='bbox 612 2165 706 2228; x_wconf 91' lang='lat' dir='ltr'><strong>deum</strong></span> <span class='ocrx_word' id='word_1_127' title='bbox 728 2162 824 2230; x_wconf 84' lang='lat' dir='ltr'><strong>vidua</strong></span> <span class='ocrx_word' id='word_1_128' title='bbox 845 2164 1030 2248; x_wconf 84' lang='lat' dir='ltr'><strong>iungeretur</strong></span> <span class='ocrx_word' id='word_1_129' title='bbox 1050 2163 1185 2251; x_wconf 90' lang='lat' dir='ltr'><strong>principi</strong></span> <span class='ocrx_word' id='word_1_130' title='bbox 1207 2186 1263 2232; x_wconf 90' lang='lat' dir='ltr'><strong>sua</strong></span> <span class='ocrx_word' id='word_1_131' title='bbox 1285 2174 1403 2231; x_wconf 90' lang='lat' dir='ltr'><strong>tantum</strong></span> <span class='ocrx_word' id='word_1_132' title='bbox 1425 2163 1533 2229; x_wconf 87' lang='lat' dir='ltr'><strong>matri-</strong></span> 
     </span>
     <span class='ocr_line' id='line_1_16' title="bbox 197 2275 1569 2365; baseline 0 -25"><span class='ocrx_word' id='word_1_133' title='bbox 197 2277 303 2340; x_wconf 90' lang='lat' dir='ltr'><strong>monis</strong></span> <span class='ocrx_word' id='word_1_134' title='bbox 332 2285 477 2360; x_wconf 83' lang='lat' dir='ltr'><strong>experto.</strong></span> <span class='ocrx_word' id='word_1_135' title='bbox 523 2275 679 2342; x_wconf 90' lang='lat' dir='ltr'><strong>audivisse</strong></span> <span class='ocrx_word' id='word_1_136' title='bbox 710 2298 730 2342; x_wconf 87' lang='lat' dir='ltr'><strong>a</strong></span> <span class='ocrx_word' id='word_1_137' title='bbox 761 2279 960 2360; x_wconf 88' lang='lat' dir='ltr'><strong>parentibus,</strong></span> <span class='ocrx_word' id='word_1_138' title='bbox 995 2276 1110 2344; x_wconf 89' lang='lat' dir='ltr'><strong>vidisse</strong></span> <span class='ocrx_word' id='word_1_139' title='bbox 1145 2281 1231 2365; x_wconf 87' lang='lat' dir='ltr'><strong>ipsos</strong></span> <span class='ocrx_word' id='word_1_140' title='bbox 1259 2280 1356 2362; x_wconf 91' lang='lat' dir='ltr'><strong>arripi</strong></span> <span class='ocrx_word' id='word_1_141' title='bbox 1381 2279 1569 2362; x_wconf 78' lang='lat' dir='ltr'><strong>coniugesss</strong></span> 
     </span>
     <span class='ocr_line' id='line_1_17' title="bbox 197 2386 1531 2477; baseline 0.004 -24"><span class='ocrx_word' id='word_1_142' title='bbox 197 2386 236 2454; x_wconf 87' lang='lat' dir='ltr'><strong>sd</strong></span> <span class='ocrx_word' id='word_1_143' title='bbox 265 2387 352 2454; x_wconf 84' lang='lat' dir='ltr'><strong>libita</strong></span> <span class='ocrx_word' id='word_1_144' title='bbox 385 2389 569 2456; x_wconf 82' lang='lat' dir='ltr'><strong>Caesarum:</strong></span> <span class='ocrx_word' id='word_1_145' title='bbox 605 2387 718 2474; x_wconf 87' lang='lat' dir='ltr'><strong>procul</strong></span> <span class='ocrx_word' id='word_1_146' title='bbox 748 2388 782 2455; x_wconf 88' lang='lat' dir='ltr'><strong>id</strong></span> <span class='ocrx_word' id='word_1_147' title='bbox 809 2410 827 2456; x_wconf 89' lang='lat' dir='ltr'><strong>a</strong></span> <span class='ocrx_word' id='word_1_148' title='bbox 855 2392 1011 2477; x_wconf 89' lang='lat' dir='ltr'><strong>praesenti</strong></span> <span class='ocrx_word' id='word_1_149' title='bbox 1036 2393 1199 2458; x_wconf 90' lang='lat' dir='ltr'><strong>modestia.</strong></span> <span class='ocrx_word' id='word_1_150' title='bbox 1224 2398 1413 2458; x_wconf 89' lang='lat' dir='ltr'><strong>statueretur</strong></span> <span class='ocrx_word' id='word_1_151' title='bbox 1434 2393 1531 2458; x_wconf 90' lang='lat' dir='ltr'><strong>immo</strong></span> 
     </span>
    </p>
   </div>
   <div class='ocr_carea' id='block_1_3' title="bbox 196 2595 1534 3014">
    <p class='ocr_par' dir='ltr' id='par_1_3' title="bbox 196 2595 1534 3014">
     <span class='ocr_line' id='line_1_18' title="bbox 265 2595 1532 2667; baseline 0.003 -19"><span class='ocrx_word' id='word_1_152' title='bbox 265 2598 292 2648; x_wconf 89' lang='lat' dir='ltr'><strong>i.</strong></span> <span class='ocrx_word' id='word_1_153' title='bbox 312 2598 400 2650; x_wconf 88' lang='lat' dir='ltr'><strong>lisbet</strong></span> <span class='ocrx_word' id='word_1_154' title='bbox 425 2601 558 2650; x_wconf 81' lang='lat' dir='ltr'><strong>mosensus&#39;</strong></span> <span class='ocrx_word' id='word_1_155' title='bbox 582 2599 628 2654; x_wconf 83' lang='lat' dir='ltr'><strong>bi.</strong></span> <span class='ocrx_word' id='word_1_156' title='bbox 659 2613 711 2650; x_wconf 90' lang='lat' dir='ltr'><strong>non</strong></span> <span class='ocrx_word' id='word_1_157' title='bbox 743 2611 867 2650; x_wconf 87' lang='lat' dir='ltr'><strong>consensu</strong></span> <span class='ocrx_word' id='word_1_158' title='bbox 889 2601 993 2654; x_wconf 80' lang='lat' dir='ltr'><strong>Puteal.</strong></span> <span class='ocrx_word' id='word_1_159' title='bbox 1025 2625 1056 2639; x_wconf 92' lang='lat'>-</span> <span class='ocrx_word' id='word_1_160' title='bbox 1075 2603 1102 2653; x_wconf 72' lang='lat'><strong>2.</strong></span> <span class='ocrx_word' id='word_1_161' title='bbox 1123 2615 1309 2667; x_wconf 82' lang='lat' dir='ltr'><strong>summamque.</strong></span> <span class='ocrx_word' id='word_1_162' title='bbox 1331 2599 1363 2652; x_wconf 86' lang='lat' dir='ltr'><strong>tt.</strong></span> <span class='ocrx_word' id='word_1_163' title='bbox 1384 2595 1455 2662; x_wconf 84' lang='lat' dir='ltr'><strong>(cum</strong></span> <span class='ocrx_word' id='word_1_164' title='bbox 1473 2597 1532 2666; x_wconf 87' lang='lat' dir='ltr'><strong>lia.)</strong></span> 
     </span>
     <span class='ocr_line' id='line_1_19' title="bbox 196 2663 1531 2736; baseline 0.003 -19"><span class='ocrx_word' id='word_1_165' title='bbox 196 2663 225 2720; x_wconf 81' lang='grc' dir='ltr'><strong>Ρ.</strong></span> <span class='ocrx_word' id='word_1_166' title='bbox 246 2669 302 2728; x_wconf 80' lang='lat' dir='ltr'><strong>it.,</strong></span> <span class='ocrx_word' id='word_1_167' title='bbox 321 2671 392 2720; x_wconf 87' lang='lat' dir='ltr'><strong>unde</strong></span> <span class='ocrx_word' id='word_1_168' title='bbox 410 2683 586 2732; x_wconf 88' lang='lat' dir='ltr'><strong>summamque</strong></span> <span class='ocrx_word' id='word_1_169' title='bbox 601 2671 774 2734; x_wconf 85' lang='lat' dir='ltr'><strong>reipublicae</strong></span> <span class='ocrx_word' id='word_1_170' title='bbox 792 2670 878 2722; x_wconf 86' lang='lat' dir='ltr'><strong>Gueii.</strong></span> <span class='ocrx_word' id='word_1_171' title='bbox 898 2671 967 2722; x_wconf 85' lang='lat' dir='ltr'><strong>lidd.</strong></span> <span class='ocrx_word' id='word_1_172' title='bbox 986 2679 1050 2722; x_wconf 85' lang='lat' dir='ltr'><strong>vett.</strong></span> <span class='ocrx_word' id='word_1_173' title='bbox 1081 2699 1111 2712; x_wconf 97' lang='lat'>-</span> <span class='ocrx_word' id='word_1_174' title='bbox 1139 2673 1166 2723; x_wconf 75' lang='lat' dir='ltr'><strong>d.</strong></span> <span class='ocrx_word' id='word_1_175' title='bbox 1185 2681 1305 2736; x_wconf 89' lang='lat' dir='ltr'><strong>capescat</strong></span> <span class='ocrx_word' id='word_1_176' title='bbox 1324 2686 1362 2734; x_wconf 86' lang='lat' dir='ltr'><strong>pr.</strong></span> <span class='ocrx_word' id='word_1_177' title='bbox 1382 2671 1419 2724; x_wconf 83' lang='lat' dir='ltr'><strong>rt.</strong></span> <span class='ocrx_word' id='word_1_178' title='bbox 1450 2696 1478 2710; x_wconf 91' lang='lat'>-</span> <span class='ocrx_word' id='word_1_179' title='bbox 1504 2673 1531 2724; x_wconf 83' lang='lat' dir='ltr'><strong>b.</strong></span> 
     </span>
     <span class='ocr_line' id='line_1_20' title="bbox 196 2737 1531 2803; baseline 0.006 -16"><span class='ocrx_word' id='word_1_180' title='bbox 196 2739 369 2789; x_wconf 78' lang='lat' dir='ltr'><strong>levamentum</strong></span> <span class='ocrx_word' id='word_1_181' title='bbox 386 2753 465 2803; x_wconf 89' lang='lat' dir='ltr'><strong>quam</strong></span> <span class='ocrx_word' id='word_1_182' title='bbox 483 2741 607 2792; x_wconf 82' lang='lat' dir='ltr'><strong>Peterson</strong></span> <span class='ocrx_word' id='word_1_183' title='bbox 627 2737 666 2803; x_wconf 86' lang='lat' dir='ltr'><strong>(ut</strong></span> <span class='ocrx_word' id='word_1_184' title='bbox 686 2748 716 2800; x_wconf 87' lang='lat' dir='ltr'><strong>i,</strong></span> <span class='ocrx_word' id='word_1_185' title='bbox 744 2742 769 2790; x_wconf 88' lang='lat'><strong>8.</strong></span> <span class='ocrx_word' id='word_1_186' title='bbox 791 2742 833 2791; x_wconf 82' lang='lat' dir='ltr'><strong>ri.</strong></span> <span class='ocrx_word' id='word_1_187' title='bbox 854 2741 897 2791; x_wconf 80' lang='grc'><strong>30.</strong></span> <span class='ocrx_word' id='word_1_188' title='bbox 917 2742 951 2802; x_wconf 81' lang='lat' dir='ltr'><strong>ti,</strong></span> <span class='ocrx_word' id='word_1_189' title='bbox 970 2741 1013 2792; x_wconf 75' lang='lat'><strong>28.</strong></span> <span class='ocrx_word' id='word_1_190' title='bbox 1035 2749 1061 2794; x_wconf 88' lang='lat' dir='ltr'><strong>ei</strong></span> <span class='ocrx_word' id='word_1_191' title='bbox 1078 2741 1129 2794; x_wconf 69' lang='lat'><strong>³4:</strong></span> <span class='ocrx_word' id='word_1_192' title='bbox 1156 2746 1282 2794; x_wconf 83' lang='lat' dir='ltr'><strong>uaerium</strong></span> <span class='ocrx_word' id='word_1_193' title='bbox 1301 2744 1483 2793; x_wconf 76' lang='lat' dir='ltr'><strong>levamentum.</strong></span> <span class='ocrx_word' id='word_1_194' title='bbox 1503 2742 1531 2797; x_wconf 73' lang='lat' dir='ltr'><strong>d,</strong></span> 
     </span>
     <span class='ocr_line' id='line_1_21' title="bbox 196 2809 1532 2878; baseline 0.003 -18"><span class='ocrx_word' id='word_1_195' title='bbox 196 2809 239 2860; x_wconf 79' lang='lat' dir='ltr'><strong>tie.</strong></span> <span class='ocrx_word' id='word_1_196' title='bbox 261 2811 327 2859; x_wconf 86' lang='lat' dir='ltr'><strong>llist.</strong></span> <span class='ocrx_word' id='word_1_197' title='bbox 347 2812 380 2870; x_wconf 80' lang='lat'><strong>2,</strong></span> <span class='ocrx_word' id='word_1_198' title='bbox 406 2809 477 2872; x_wconf 75' lang='lat' dir='ltr'><strong>eei:</strong></span> <span class='ocrx_word' id='word_1_199' title='bbox 507 2811 623 2860; x_wconf 88' lang='lat' dir='ltr'><strong>leuamen</strong></span> <span class='ocrx_word' id='word_1_200' title='bbox 644 2825 760 2874; x_wconf 89' lang='lat' dir='ltr'><strong>unquam</strong></span> <span class='ocrx_word' id='word_1_201' title='bbox 783 2813 812 2862; x_wconf 83' lang='lat' dir='ltr'><strong>bi</strong></span> <span class='ocrx_word' id='word_1_202' title='bbox 836 2813 898 2875; x_wconf 88' lang='lat' dir='ltr'><strong>(non</strong></span> <span class='ocrx_word' id='word_1_203' title='bbox 925 2814 1045 2862; x_wconf 86' lang='lat' dir='ltr'><strong>leuamen</strong></span> <span class='ocrx_word' id='word_1_204' title='bbox 1069 2827 1186 2877; x_wconf 86' lang='lat' dir='ltr'><strong>unquam</strong></span> <span class='ocrx_word' id='word_1_205' title='bbox 1205 2820 1247 2878; x_wconf 86' lang='lat' dir='ltr'><strong>et,</strong></span> <span class='ocrx_word' id='word_1_206' title='bbox 1276 2820 1305 2866; x_wconf 91' lang='lat' dir='ltr'><strong>ut</strong></span> <span class='ocrx_word' id='word_1_207' title='bbox 1322 2821 1442 2864; x_wconf 84' lang='lat' dir='ltr'><strong>asrrstur</strong></span> <span class='ocrx_word' id='word_1_208' title='bbox 1460 2813 1532 2878; x_wconf 82' lang='lat' dir='ltr'><strong>apud</strong></span> 
     </span>
     <span class='ocr_line' id='line_1_22' title="bbox 196 2880 1534 2948; baseline 0.003 -19"><span class='ocrx_word' id='word_1_209' title='bbox 196 2880 257 2938; x_wconf 73' lang='lat' dir='ltr'><strong>it),</strong></span> <span class='ocrx_word' id='word_1_210' title='bbox 276 2882 395 2932; x_wconf 69' lang='lat' dir='ltr'><strong>meamea</strong></span> <span class='ocrx_word' id='word_1_211' title='bbox 412 2895 491 2946; x_wconf 89' lang='lat' dir='ltr'><strong>quam</strong></span> <span class='ocrx_word' id='word_1_212' title='bbox 509 2882 561 2940; x_wconf 84' lang='lat' dir='ltr'><strong>it.,</strong></span> <span class='ocrx_word' id='word_1_213' title='bbox 589 2895 656 2944; x_wconf 88' lang='lat' dir='ltr'><strong>quse</strong></span> <span class='ocrx_word' id='word_1_214' title='bbox 676 2882 756 2932; x_wconf 86' lang='lat' dir='ltr'><strong>torma</strong></span> <span class='ocrx_word' id='word_1_215' title='bbox 776 2883 837 2931; x_wconf 94' lang='lat' dir='ltr'><strong>sitbi</strong></span> <span class='ocrx_word' id='word_1_216' title='bbox 857 2883 928 2943; x_wconf 81' lang='lat' dir='ltr'><strong>apud</strong></span> <span class='ocrx_word' id='word_1_217' title='bbox 950 2883 1070 2934; x_wconf 85' lang='lat' dir='ltr'><strong>Tacitum</strong></span> <span class='ocrx_word' id='word_1_218' title='bbox 1090 2898 1142 2934; x_wconf 92' lang='lat' dir='ltr'><strong>non</strong></span> <span class='ocrx_word' id='word_1_219' title='bbox 1163 2886 1303 2948; x_wconf 86' lang='lat' dir='ltr'><strong>reperitur.</strong></span> <span class='ocrx_word' id='word_1_220' title='bbox 1335 2908 1367 2921; x_wconf 94' lang='lat'>-</span> <span class='ocrx_word' id='word_1_221' title='bbox 1398 2884 1424 2935; x_wconf 77' lang='grc'><strong>6.</strong></span> <span class='ocrx_word' id='word_1_222' title='bbox 1447 2885 1534 2934; x_wconf 88' lang='lat' dir='ltr'><strong>iisbet</strong></span> 
     </span>
     <span class='ocr_line' id='line_1_23' title="bbox 197 2950 1531 3014; baseline 0.004 -16"><span class='ocrx_word' id='word_1_223' title='bbox 197 2950 333 3014; x_wconf 77' lang='lat' dir='ltr'><strong>dubiisque</strong></span> <span class='ocrx_word' id='word_1_224' title='bbox 350 2952 394 3010; x_wconf 84' lang='lat' dir='ltr'><strong>bi,</strong></span> <span class='ocrx_word' id='word_1_225' title='bbox 423 2964 476 3001; x_wconf 91' lang='lat' dir='ltr'><strong>non</strong></span> <span class='ocrx_word' id='word_1_226' title='bbox 496 2951 583 3001; x_wconf 86' lang='lat' dir='ltr'><strong>dubiis</strong></span> <span class='ocrx_word' id='word_1_227' title='bbox 601 2952 688 3003; x_wconf 86' lang='lat' dir='ltr'><strong>Gueii.</strong></span> <span class='ocrx_word' id='word_1_228' title='bbox 720 2977 747 2990; x_wconf 90' lang='lat'><em>-</em></span> <span class='ocrx_word' id='word_1_229' title='bbox 775 2954 802 3003; x_wconf 83' lang='lat'><strong>7.</strong></span> <span class='ocrx_word' id='word_1_230' title='bbox 821 2952 909 3003; x_wconf 85' lang='lat' dir='ltr'><strong>ilabet</strong></span> <span class='ocrx_word' id='word_1_231' title='bbox 926 2953 1002 3003; x_wconf 81' lang='lat' dir='ltr'><strong>tumst</strong></span> <span class='ocrx_word' id='word_1_232' title='bbox 1021 2953 1062 3012; x_wconf 86' lang='lat' dir='ltr'><strong>bt,</strong></span> <span class='ocrx_word' id='word_1_233' title='bbox 1095 2968 1147 3005; x_wconf 91' lang='lat' dir='ltr'><strong>non</strong></span> <span class='ocrx_word' id='word_1_234' title='bbox 1166 2956 1232 3004; x_wconf 79' lang='lat' dir='ltr'><strong>lucu</strong></span> <span class='ocrx_word' id='word_1_235' title='bbox 1251 2954 1335 3006; x_wconf 79' lang='lat' dir='ltr'><strong>Onon.</strong></span> <span class='ocrx_word' id='word_1_236' title='bbox 1361 2981 1389 2993; x_wconf 94' lang='lat'>-</span> <span class='ocrx_word' id='word_1_237' title='bbox 1410 2955 1466 3006; x_wconf 87' lang='lat' dir='ltr'><strong>ads.</strong></span> <span class='ocrx_word' id='word_1_238' title='bbox 1486 2955 1531 3006; x_wconf 83' lang='lat' dir='ltr'><strong>bi:</strong></span> 
     </span>
    </p>
   </div>
   <div class='ocr_carea' id='block_1_4' title="bbox 196 3021 1531 3146">
    <p class='ocr_par' dir='ltr' id='par_1_4' title="bbox 196 3021 1531 3146">
     <span class='ocr_line' id='line_1_24' title="bbox 197 3021 1531 3088; baseline 0.003 -18"><span class='ocrx_word' id='word_1_239' title='bbox 197 3034 250 3070; x_wconf 91' lang='lat' dir='ltr'><strong>ass.</strong></span> <span class='ocrx_word' id='word_1_240' title='bbox 270 3021 301 3072; x_wconf 82' lang='lat' dir='ltr'><strong>li.</strong></span> <span class='ocrx_word' id='word_1_241' title='bbox 320 3023 416 3072; x_wconf 67' lang='lat'><strong>-12</strong></span> <span class='ocrx_word' id='word_1_242' title='bbox 437 3023 525 3074; x_wconf 90' lang='lat' dir='ltr'><strong>ilsbet</strong></span> <span class='ocrx_word' id='word_1_243' title='bbox 541 3024 731 3088; x_wconf 73' lang='lat' dir='ltr'><strong>anquirendum</strong></span> <span class='ocrx_word' id='word_1_244' title='bbox 748 3022 795 3084; x_wconf 82' lang='lat' dir='ltr'><strong>bi,</strong></span> <span class='ocrx_word' id='word_1_245' title='bbox 815 3035 868 3076; x_wconf 86' lang='lat' dir='ltr'><strong>aaa</strong></span> <span class='ocrx_word' id='word_1_246' title='bbox 887 3026 1071 3088; x_wconf 83' lang='lat' dir='ltr'><strong>inquirendum</strong></span> <span class='ocrx_word' id='word_1_247' title='bbox 1089 3025 1176 3078; x_wconf 82' lang='lat' dir='ltr'><strong>Gueii.</strong></span> <span class='ocrx_word' id='word_1_248' title='bbox 1197 3025 1267 3078; x_wconf 80' lang='lat' dir='ltr'><strong>liud.</strong></span> <span class='ocrx_word' id='word_1_249' title='bbox 1287 3024 1360 3076; x_wconf 87' lang='lat' dir='ltr'><strong>tisri.</strong></span> <span class='ocrx_word' id='word_1_250' title='bbox 1380 3025 1456 3078; x_wconf 81' lang='lat' dir='ltr'><strong>bodi.</strong></span> <span class='ocrx_word' id='word_1_251' title='bbox 1470 3025 1531 3077; x_wconf 78' lang='lat' dir='ltr'><strong>Vei.</strong></span> 
     </span>
     <span class='ocr_line' id='line_1_25' title="bbox 196 3091 517 3146; baseline 0.009 -5"><span class='ocrx_word' id='word_1_252' title='bbox 196 3091 265 3143; x_wconf 83' lang='lat' dir='ltr'><strong>lidd.</strong></span> <span class='ocrx_word' id='word_1_253' title='bbox 285 3100 347 3145; x_wconf 86' lang='lat' dir='ltr'><strong>sate</strong></span> <span class='ocrx_word' id='word_1_254' title='bbox 364 3091 517 3146; x_wconf 84' lang='lat' dir='ltr'><strong>Picbensm.</strong></span> 
     </span>
    </p>
   </div>
   <div class='ocr_carea' id='block_1_5' title="bbox 136 3284 1535 5274">
    <p class='ocr_par' dir='ltr' id='par_1_5' title="bbox 136 3284 1535 5274">
     <span class='ocr_line' id='line_1_26' title="bbox 196 3284 1533 3349; baseline 0.004 -15"><span class='ocrx_word' id='word_1_255' title='bbox 196 3288 290 3348; x_wconf 86' lang='lat' dir='ltr'><strong>usqne</strong></span> <span class='ocrx_word' id='word_1_256' title='bbox 309 3297 406 3335; x_wconf 88' lang='lat' dir='ltr'><strong>sanum</strong></span> <span class='ocrx_word' id='word_1_257' title='bbox 424 3284 461 3336; x_wconf 95' lang='lat' dir='ltr'><strong>ibi</strong></span> <span class='ocrx_word' id='word_1_258' title='bbox 487 3288 636 3338; x_wconf 81' lang='lat' dir='ltr'><strong>exstinctus.</strong></span> <span class='ocrx_word' id='word_1_259' title='bbox 674 3285 744 3338; x_wconf 85' lang='lat' dir='ltr'><strong>liuto</strong></span> <span class='ocrx_word' id='word_1_260' title='bbox 763 3285 844 3339; x_wconf 82' lang='lat' dir='ltr'><strong>Vers-</strong></span> <span class='ocrx_word' id='word_1_261' title='bbox 881 3287 1002 3349; x_wconf 81' lang='lat' dir='ltr'><strong>Claudio,</strong></span> <span class='ocrx_word' id='word_1_262' title='bbox 1015 3293 1080 3340; x_wconf 91' lang='lat' dir='ltr'><strong>tunc</strong></span> <span class='ocrx_word' id='word_1_263' title='bbox 1092 3289 1203 3348; x_wconf 86' lang='lat' dir='ltr'><strong>censuri,</strong></span> <span class='ocrx_word' id='word_1_264' title='bbox 1222 3287 1341 3341; x_wconf 85' lang='lat' dir='ltr'><strong>eduistor</strong></span> <span class='ocrx_word' id='word_1_265' title='bbox 1353 3288 1445 3339; x_wconf 87' lang='lat' dir='ltr'><strong>tribuit</strong></span> <span class='ocrx_word' id='word_1_266' title='bbox 1460 3301 1533 3339; x_wconf 90' lang='lat' dir='ltr'><strong>men·</strong></span> 
     </span>
     <span class='ocr_line' id='line_1_27' title="bbox 195 3364 1533 3433; baseline 0.002 -18"><span class='ocrx_word' id='word_1_267' title='bbox 195 3367 240 3415; x_wconf 91' lang='lat' dir='ltr'><strong>nio</strong></span> <span class='ocrx_word' id='word_1_268' title='bbox 267 3364 424 3416; x_wconf 86' lang='lat' dir='ltr'><strong>Oncssnder</strong></span> <span class='ocrx_word' id='word_1_269' title='bbox 448 3379 469 3416; x_wconf 85' lang='lat' dir='ltr'><strong>s.</strong></span> <span class='ocrx_word' id='word_1_270' title='bbox 494 3367 649 3418; x_wconf 87' lang='lat' dir='ltr'><strong>Onessnder</strong></span> <span class='ocrx_word' id='word_1_271' title='bbox 669 3367 841 3432; x_wconf 78' lang='lat' dir='ltr'><strong>Strsthicum</strong></span> <span class='ocrx_word' id='word_1_272' title='bbox 882 3375 952 3426; x_wconf 88' lang='lat' dir='ltr'><strong>tem,</strong></span> <span class='ocrx_word' id='word_1_273' title='bbox 975 3367 1076 3430; x_wconf 87' lang='lat' dir='ltr'><strong>idest,</strong></span> <span class='ocrx_word' id='word_1_274' title='bbox 1106 3371 1231 3433; x_wconf 76' lang='lat' dir='ltr'><strong>gravitate</strong></span> <span class='ocrx_word' id='word_1_275' title='bbox 1250 3373 1379 3432; x_wconf 74' lang='lat' dir='ltr'><strong>insignem</strong></span> <span class='ocrx_word' id='word_1_276' title='bbox 1402 3370 1533 3419; x_wconf 84' lang='lat' dir='ltr'><strong>masimis-</strong></span> 
     </span>
     <span class='ocr_line' id='line_1_28' title="bbox 196 3445 1531 3512; baseline 0.001 -17"><span class='ocrx_word' id='word_1_277' title='bbox 196 3456 272 3495; x_wconf 86' lang='lat' dir='ltr'><strong>suum</strong></span> <span class='ocrx_word' id='word_1_278' title='bbox 291 3448 432 3508; x_wconf 89' lang='lat' dir='ltr'><strong>inscripsit.</strong></span> <span class='ocrx_word' id='word_1_279' title='bbox 452 3445 539 3498; x_wconf 75' lang='lat' dir='ltr'><strong>lires.</strong></span> <span class='ocrx_word' id='word_1_280' title='bbox 565 3445 839 3508; x_wconf 79' lang='lat' dir='ltr'><strong>Cir.i)iotiti,³i·-</strong></span> <span class='ocrx_word' id='word_1_281' title='bbox 880 3462 932 3512; x_wconf 89' lang='lat' dir='ltr'><strong>quc</strong></span> <span class='ocrx_word' id='word_1_282' title='bbox 952 3461 1057 3511; x_wconf 88' lang='lat' dir='ltr'><strong>semper</strong></span> <span class='ocrx_word' id='word_1_283' title='bbox 1079 3452 1148 3499; x_wconf 85' lang='lat' dir='ltr'><strong>euris</strong></span> <span class='ocrx_word' id='word_1_284' title='bbox 1169 3455 1333 3511; x_wconf 85' lang='lat' dir='ltr'><strong>occupatam.</strong></span> <span class='ocrx_word' id='word_1_285' title='bbox 1365 3447 1434 3497; x_wconf 84' lang='lat' dir='ltr'><strong>Pitn-</strong></span> <span class='ocrx_word' id='word_1_286' title='bbox 1461 3447 1531 3510; x_wconf 79' lang='lat' dir='ltr'><strong>lipp.</strong></span> 
     </span>
     <span class='ocr_line' id='line_1_29' title="bbox 195 3524 1530 3594; baseline 0 -18"><span class='ocrx_word' id='word_1_287' title='bbox 195 3524 336 3590; x_wconf 88' lang='lat' dir='ltr'><strong>deductae]</strong></span> <span class='ocrx_word' id='word_1_288' title='bbox 367 3527 502 3578; x_wconf 74' lang='lat' dir='ltr'><strong>Memento</strong></span> <span class='ocrx_word' id='word_1_289' title='bbox 528 3531 680 3589; x_wconf 86' lang='lat' dir='ltr'><strong>nuptiarum</strong></span> <span class='ocrx_word' id='word_1_290' title='bbox 706 3529 747 3579; x_wconf 88' lang='lat' dir='ltr'><strong>dte</strong></span> <span class='ocrx_word' id='word_1_291' title='bbox 776 3527 843 3578; x_wconf 85' lang='lat' dir='ltr'><strong>lecta</strong></span> <span class='ocrx_word' id='word_1_292' title='bbox 879 3529 910 3589; x_wconf 82' lang='lat' dir='ltr'><strong>ti,</strong></span> <span class='ocrx_word' id='word_1_293' title='bbox 929 3528 980 3578; x_wconf 75' lang='lat'><strong>20:</strong></span> <span class='ocrx_word' id='word_1_294' title='bbox 999 3529 1130 3579; x_wconf 75' lang='lat' dir='ltr'><strong>Audiebat</strong></span> <span class='ocrx_word' id='word_1_295' title='bbox 1141 3534 1246 3579; x_wconf 88' lang='lat' dir='ltr'><strong>senatus</strong></span> <span class='ocrx_word' id='word_1_296' title='bbox 1257 3529 1390 3594; x_wconf 80' lang='lat' dir='ltr'><strong>pravitate</strong></span> <span class='ocrx_word' id='word_1_297' title='bbox 1402 3530 1530 3578; x_wconf 86' lang='lat' dir='ltr'><strong>censoria.</strong></span> 
     </span>
     <span class='ocr_line' id='line_1_30' title="bbox 196 3605 1531 3672; baseline 0.001 -17"><span class='ocrx_word' id='word_1_298' title='bbox 196 3617 292 3668; x_wconf 86' lang='lat' dir='ltr'><strong>pompe</strong></span> <span class='ocrx_word' id='word_1_299' title='bbox 322 3607 462 3657; x_wconf 84' lang='lat' dir='ltr'><strong>deductam</strong></span> <span class='ocrx_word' id='word_1_300' title='bbox 490 3621 611 3670; x_wconf 83' lang='lat' dir='ltr'><strong>sponsam</strong></span> <span class='ocrx_word' id='word_1_301' title='bbox 636 3611 662 3658; x_wconf 92' lang='lat' dir='ltr'><strong>in</strong></span> <span class='ocrx_word' id='word_1_302' title='bbox 688 3608 777 3670; x_wconf 88' lang='lat' dir='ltr'><strong>sponsi</strong></span> <span class='ocrx_word' id='word_1_303' title='bbox 797 3607 843 3657; x_wconf 90' lang='lat' dir='ltr'><strong>do·</strong></span> <span class='ocrx_word' id='word_1_304' title='bbox 913 3608 940 3658; x_wconf 82' lang='lat' dir='ltr'><strong>d.</strong></span> <span class='ocrx_word' id='word_1_305' title='bbox 970 3609 1177 3672; x_wconf 84' lang='lat' dir='ltr'><strong>anquirendum,</strong></span> <span class='ocrx_word' id='word_1_306' title='bbox 1197 3605 1271 3672; x_wconf 86' lang='lat' dir='ltr'><strong>quin]</strong></span> <span class='ocrx_word' id='word_1_307' title='bbox 1302 3608 1395 3659; x_wconf 85' lang='lat' dir='ltr'><strong>cudens</strong></span> <span class='ocrx_word' id='word_1_308' title='bbox 1415 3614 1531 3668; x_wconf 73' lang='lat' dir='ltr'><strong>consta,</strong></span> 
     </span>
     <span class='ocr_line' id='line_1_31' title="bbox 195 3683 1535 3752; baseline 0.001 -16"><span class='ocrx_word' id='word_1_309' title='bbox 195 3683 478 3752; x_wconf 84' lang='lat' dir='ltr'><strong>mum-incestum]</strong></span> <span class='ocrx_word' id='word_1_310' title='bbox 498 3687 622 3739; x_wconf 81' lang='lat' dir='ltr'><strong>Claudius</strong></span> <span class='ocrx_word' id='word_1_311' title='bbox 641 3689 711 3740; x_wconf 83' lang='lat' dir='ltr'><strong>baud</strong></span> <span class='ocrx_word' id='word_1_312' title='bbox 730 3691 787 3740; x_wconf 77' lang='lat' dir='ltr'><strong>eret</strong></span> <span class='ocrx_word' id='word_1_313' title='bbox 805 3690 843 3737; x_wconf 91' lang='lat' dir='ltr'><strong>in·</strong></span> <span class='ocrx_word' id='word_1_314' title='bbox 880 3700 932 3750; x_wconf 90' lang='lat' dir='ltr'><strong>qus</strong></span> <span class='ocrx_word' id='word_1_315' title='bbox 957 3688 1055 3741; x_wconf 91' lang='lat' dir='ltr'><strong>dicitur</strong></span> <span class='ocrx_word' id='word_1_316' title='bbox 1082 3689 1222 3750; x_wconf 86' lang='lat' dir='ltr'><strong>dubitare,</strong></span> <span class='ocrx_word' id='word_1_317' title='bbox 1253 3690 1326 3750; x_wconf 88' lang='lat' dir='ltr'><strong>quin.</strong></span> <span class='ocrx_word' id='word_1_318' title='bbox 1365 3687 1465 3738; x_wconf 87' lang='lat' dir='ltr'><strong>Sensus</strong></span> <span class='ocrx_word' id='word_1_319' title='bbox 1493 3694 1535 3739; x_wconf 91' lang='lat' dir='ltr'><strong>est</strong></span> 
     </span>
     <span class='ocr_line' id='line_1_32' title="bbox 196 3767 1531 3832; baseline -0.001 -14"><span class='ocrx_word' id='word_1_320' title='bbox 196 3770 258 3818; x_wconf 84' lang='lat' dir='ltr'><strong>tecti</strong></span> <span class='ocrx_word' id='word_1_321' title='bbox 284 3770 471 3830; x_wconf 80' lang='lat' dir='ltr'><strong>superstitione</strong></span> <span class='ocrx_word' id='word_1_322' title='bbox 503 3772 594 3820; x_wconf 86' lang='lat' dir='ltr'><strong>enimi.</strong></span> <span class='ocrx_word' id='word_1_323' title='bbox 642 3767 746 3829; x_wconf 91' lang='lat' dir='ltr'><strong>lmmo,</strong></span> <span class='ocrx_word' id='word_1_324' title='bbox 788 3780 842 3829; x_wconf 87' lang='lat' dir='ltr'><strong>quo</strong></span> <span class='ocrx_word' id='word_1_325' title='bbox 880 3770 967 3818; x_wconf 83' lang='lat' dir='ltr'><strong>euim:</strong></span> <span class='ocrx_word' id='word_1_326' title='bbox 996 3768 1359 3829; x_wconf 87' lang='lat' dir='ltr'><strong>ucumdubitsrinequest,</strong></span> <span class='ocrx_word' id='word_1_327' title='bbox 1381 3771 1447 3832; x_wconf 91' lang='lat' dir='ltr'><strong>quin</strong></span> <span class='ocrx_word' id='word_1_328' title='bbox 1467 3773 1531 3830; x_wconf 78' lang='lat' dir='ltr'><strong>cet,</strong></span> 
     </span>
     <span class='ocr_line' id='line_1_33' title="bbox 193 3845 1532 3912; baseline 0 -14"><span class='ocrx_word' id='word_1_329' title='bbox 193 3851 283 3898; x_wconf 80' lang='lat' dir='ltr'><strong>mente</strong></span> <span class='ocrx_word' id='word_1_330' title='bbox 296 3851 469 3910; x_wconf 88' lang='lat' dir='ltr'><strong>commotior,</strong></span> <span class='ocrx_word' id='word_1_331' title='bbox 489 3862 521 3901; x_wconf 90' lang='lat' dir='ltr'><strong>eo</strong></span> <span class='ocrx_word' id='word_1_332' title='bbox 535 3849 621 3912; x_wconf 91' lang='lat' dir='ltr'><strong>psuiio</strong></span> <span class='ocrx_word' id='word_1_333' title='bbox 636 3849 842 3899; x_wconf 79' lang='lat' dir='ltr'><strong>infirmiorunus</strong></span> <span class='ocrx_word' id='word_1_334' title='bbox 880 3847 941 3898; x_wconf 87' lang='lat' dir='ltr'><strong>ideo</strong></span> <span class='ocrx_word' id='word_1_335' title='bbox 959 3861 1047 3912; x_wconf 87' lang='lat' dir='ltr'><strong>neque</strong></span> <span class='ocrx_word' id='word_1_336' title='bbox 1068 3847 1262 3911; x_wconf 80' lang='lat' dir='ltr'><strong>anquirendum</strong></span> <span class='ocrx_word' id='word_1_337' title='bbox 1283 3859 1368 3898; x_wconf 72' lang='lat' dir='ltr'><strong>esee.»</strong></span> <span class='ocrx_word' id='word_1_338' title='bbox 1390 3872 1417 3885; x_wconf 88' lang='lat'>-</span> <span class='ocrx_word' id='word_1_339' title='bbox 1439 3845 1532 3912; x_wconf 82' lang='lat' dir='ltr'><strong>uidua]</strong></span> 
     </span>
     <span class='ocr_line' id='line_1_34' title="bbox 195 3926 1533 3992; baseline 0.001 -16"><span class='ocrx_word' id='word_1_340' title='bbox 195 3926 356 3988; x_wconf 84' lang='lat' dir='ltr'><strong>multorum,</strong></span> <span class='ocrx_word' id='word_1_341' title='bbox 385 3941 416 3980; x_wconf 90' lang='lat' dir='ltr'><strong>eo</strong></span> <span class='ocrx_word' id='word_1_342' title='bbox 441 3930 656 3990; x_wconf 88' lang='lat' dir='ltr'><strong>superstitiosior.</strong></span> <span class='ocrx_word' id='word_1_343' title='bbox 704 3927 841 3990; x_wconf 79' lang='lat' dir='ltr'><strong>beccique</strong></span> <span class='ocrx_word' id='word_1_344' title='bbox 881 3926 969 3979; x_wconf 79' lang='lat' dir='ltr'><strong>vidus</strong></span> <span class='ocrx_word' id='word_1_345' title='bbox 994 3929 1157 3992; x_wconf 73' lang='lat' dir='ltr'><strong>Agrippina,</strong></span> <span class='ocrx_word' id='word_1_346' title='bbox 1191 3933 1294 3978; x_wconf 88' lang='lat' dir='ltr'><strong>mortuo</strong></span> <span class='ocrx_word' id='word_1_347' title='bbox 1313 3927 1362 3978; x_wconf 90' lang='lat' dir='ltr'><strong>sub</strong></span> <span class='ocrx_word' id='word_1_348' title='bbox 1381 3929 1457 3978; x_wconf 91' lang='lat' dir='ltr'><strong>initio</strong></span> <span class='ocrx_word' id='word_1_349' title='bbox 1481 3930 1533 3977; x_wconf 91' lang='lat' dir='ltr'><strong>im-</strong></span> 
     </span>
     <span class='ocr_line' id='line_1_35' title="bbox 195 4005 1532 4072; baseline 0.001 -16"><span class='ocrx_word' id='word_1_350' title='bbox 195 4005 223 4056; x_wconf 90' lang='lat' dir='ltr'><strong>id</strong></span> <span class='ocrx_word' id='word_1_351' title='bbox 236 4007 315 4064; x_wconf 83' lang='lat' dir='ltr'><strong>etism</strong></span> <span class='ocrx_word' id='word_1_352' title='bbox 329 4005 403 4060; x_wconf 84' lang='lat' dir='ltr'><strong>Suet.</strong></span> <span class='ocrx_word' id='word_1_353' title='bbox 416 4007 455 4058; x_wconf 85' lang='lat' dir='ltr'><strong>ct.</strong></span> <span class='ocrx_word' id='word_1_354' title='bbox 467 4009 509 4058; x_wconf 75' lang='lat'><strong>22.</strong></span> <span class='ocrx_word' id='word_1_355' title='bbox 521 4007 631 4072; x_wconf 84' lang='lat' dir='ltr'><strong>Semper</strong></span> <span class='ocrx_word' id='word_1_356' title='bbox 642 4014 730 4060; x_wconf 88' lang='lat' dir='ltr'><strong>nutem</strong></span> <span class='ocrx_word' id='word_1_357' title='bbox 743 4011 842 4059; x_wconf 86' lang='lat' dir='ltr'><strong>inceste</strong></span> <span class='ocrx_word' id='word_1_358' title='bbox 878 4010 944 4070; x_wconf 91' lang='lat' dir='ltr'><strong>perii</strong></span> <span class='ocrx_word' id='word_1_359' title='bbox 964 4007 1101 4058; x_wconf 83' lang='lat' dir='ltr'><strong>Claudiani</strong></span> <span class='ocrx_word' id='word_1_360' title='bbox 1121 4007 1212 4070; x_wconf 89' lang='lat' dir='ltr'><strong>Crispo</strong></span> <span class='ocrx_word' id='word_1_361' title='bbox 1231 4007 1373 4070; x_wconf 85' lang='lat' dir='ltr'><strong>Psssteao,</strong></span> <span class='ocrx_word' id='word_1_362' title='bbox 1411 4011 1453 4058; x_wconf 90' lang='lat' dir='ltr'><strong>cni</strong></span> <span class='ocrx_word' id='word_1_363' title='bbox 1474 4013 1532 4068; x_wconf 91' lang='lat' dir='ltr'><strong>post</strong></span> 
     </span>
     <span class='ocr_line' id='line_1_36' title="bbox 195 4086 1531 4152; baseline 0.001 -15"><span class='ocrx_word' id='word_1_364' title='bbox 195 4088 221 4137; x_wconf 92' lang='lat' dir='ltr'><strong>in</strong></span> <span class='ocrx_word' id='word_1_365' title='bbox 241 4088 366 4151; x_wconf 69' lang='lat' dir='ltr'><strong>prodigiis</strong></span> <span class='ocrx_word' id='word_1_366' title='bbox 384 4087 493 4150; x_wconf 87' lang='lat' dir='ltr'><strong>bsbits,</strong></span> <span class='ocrx_word' id='word_1_367' title='bbox 525 4092 552 4139; x_wconf 94' lang='lat' dir='ltr'><strong>ia</strong></span> <span class='ocrx_word' id='word_1_368' title='bbox 579 4090 716 4152; x_wconf 84' lang='lat' dir='ltr'><strong>explendis</strong></span> <span class='ocrx_word' id='word_1_369' title='bbox 735 4095 762 4138; x_wconf 88' lang='lat' dir='ltr'><strong>et</strong></span> <span class='ocrx_word' id='word_1_370' title='bbox 783 4100 841 4150; x_wconf 92' lang='lat' dir='ltr'><strong>pro·</strong></span> <span class='ocrx_word' id='word_1_371' title='bbox 880 4088 1025 4138; x_wconf 79' lang='lat' dir='ltr'><strong>Domitium</strong></span> <span class='ocrx_word' id='word_1_372' title='bbox 1044 4093 1177 4151; x_wconf 82' lang='lat' dir='ltr'><strong>nupserat.</strong></span> <span class='ocrx_word' id='word_1_373' title='bbox 1198 4087 1273 4138; x_wconf 82' lang='lat' dir='ltr'><strong>Ltrs.</strong></span> <span class='ocrx_word' id='word_1_374' title='bbox 1311 4088 1349 4140; x_wconf 80' lang='lat' dir='ltr'><strong>lte</strong></span> <span class='ocrx_word' id='word_1_375' title='bbox 1367 4087 1417 4138; x_wconf 91' lang='lat' dir='ltr'><strong>boc</strong></span> <span class='ocrx_word' id='word_1_376' title='bbox 1436 4086 1531 4148; x_wconf 84' lang='lat' dir='ltr'><strong>Crispo</strong></span> 
     </span>
     <span class='ocr_line' id='line_1_37' title="bbox 194 4165 1532 4300; baseline 0.001 -83"><span class='ocrx_word' id='word_1_377' title='bbox 194 4167 335 4226; x_wconf 79' lang='lat' dir='ltr'><strong>curandis,</strong></span> <span class='ocrx_word' id='word_1_378' title='bbox 356 4171 445 4230; x_wconf 89' lang='lat' dir='ltr'><strong>iniis,</strong></span> <span class='ocrx_word' id='word_1_379' title='bbox 465 4169 562 4300; x_wconf 50' lang='lat' dir='ltr'><strong>qugue</strong></span> <span class='ocrx_word' id='word_1_380' title='bbox 580 4171 646 4220; x_wconf 90' lang='lat' dir='ltr'><strong>irsm</strong></span> <span class='ocrx_word' id='word_1_381' title='bbox 665 4171 774 4221; x_wconf 90' lang='lat' dir='ltr'><strong>deorum</strong></span> <span class='ocrx_word' id='word_1_382' title='bbox 794 4182 842 4231; x_wconf 91' lang='lat' dir='ltr'><strong>pu·</strong></span> <span class='ocrx_word' id='word_1_383' title='bbox 880 4167 968 4219; x_wconf 90' lang='lat' dir='ltr'><strong>Scbol.</strong></span> <span class='ocrx_word' id='word_1_384' title='bbox 990 4168 1082 4220; x_wconf 88' lang='lat' dir='ltr'><strong>iuven.</strong></span> <span class='ocrx_word' id='word_1_385' title='bbox 1102 4167 1136 4228; x_wconf 77' lang='lat' dir='ltr'><strong>d,</strong></span> <span class='ocrx_word' id='word_1_386' title='bbox 1156 4168 1209 4218; x_wconf 87' lang='lat'><strong>81:</strong></span> <span class='ocrx_word' id='word_1_387' title='bbox 1239 4167 1321 4229; x_wconf 85' lang='lat' dir='ltr'><strong>periit</strong></span> <span class='ocrx_word' id='word_1_388' title='bbox 1337 4179 1387 4230; x_wconf 86' lang='lat' dir='ltr'><strong>per</strong></span> <span class='ocrx_word' id='word_1_389' title='bbox 1409 4165 1532 4230; x_wconf 70' lang='lat' dir='ltr'><strong>fraudem</strong></span> 
     </span>
     <span class='ocr_line' id='line_1_38' title="bbox 193 4243 1526 4314; baseline 0.001 -19"><span class='ocrx_word' id='word_1_390' title='bbox 193 4247 284 4297; x_wconf 90' lang='lat' dir='ltr'><strong>tsbsat</strong></span> <span class='ocrx_word' id='word_1_391' title='bbox 303 4247 464 4299; x_wconf 86' lang='lat' dir='ltr'><strong>denunttsri.</strong></span> <span class='ocrx_word' id='word_1_392' title='bbox 537 4263 583 4301; x_wconf 83' lang='lat' dir='ltr'><strong>ou.</strong></span> <span class='ocrx_word' id='word_1_393' title='bbox 602 4275 635 4286; x_wconf 96' lang='lat'>-</span> <span class='ocrx_word' id='word_1_394' title='bbox 662 4243 840 4313; x_wconf 84' lang='lat' dir='ltr'><strong>sperneretur]</strong></span> <span class='ocrx_word' id='word_1_395' title='bbox 878 4248 1057 4314; x_wconf 75' lang='lat' dir='ltr'><strong>Aqrtppinae,</strong></span> <span class='ocrx_word' id='word_1_396' title='bbox 1090 4259 1171 4310; x_wconf 88' lang='lat' dir='ltr'><strong>quam</strong></span> <span class='ocrx_word' id='word_1_397' title='bbox 1188 4247 1304 4297; x_wconf 86' lang='lat' dir='ltr'><strong>beredem</strong></span> <span class='ocrx_word' id='word_1_398' title='bbox 1321 4246 1475 4310; x_wconf 79' lang='lat' dir='ltr'><strong>reliquerat.</strong></span> <span class='ocrx_word' id='word_1_399' title='bbox 1498 4269 1526 4281; x_wconf 94' lang='lat'><em>—</em></span> 
     </span>
     <span class='ocr_line' id='line_1_39' title="bbox 194 4323 1527 4390; baseline 0.001 -13"><span class='ocrx_word' id='word_1_400' title='bbox 194 4339 242 4390; x_wconf 88' lang='lat' dir='ltr'><strong>pro</strong></span> <span class='ocrx_word' id='word_1_401' title='bbox 261 4328 324 4379; x_wconf 87' lang='lat' dir='ltr'><strong>levis</strong></span> <span class='ocrx_word' id='word_1_402' title='bbox 336 4332 461 4380; x_wconf 90' lang='lat' dir='ltr'><strong>momenti</strong></span> <span class='ocrx_word' id='word_1_403' title='bbox 474 4343 501 4382; x_wconf 89' lang='lat' dir='ltr'><strong>re</strong></span> <span class='ocrx_word' id='word_1_404' title='bbox 515 4331 666 4382; x_wconf 80' lang='lat' dir='ltr'><strong>baberetur.</strong></span> <span class='ocrx_word' id='word_1_405' title='bbox 686 4329 837 4380; x_wconf 75' lang='lat' dir='ltr'><strong>Ducam·</strong></span> <span class='ocrx_word' id='word_1_406' title='bbox 879 4323 1024 4390; x_wconf 84' lang='lat' dir='ltr'><strong>audiuisse]</strong></span> <span class='ocrx_word' id='word_1_407' title='bbox 1056 4326 1088 4377; x_wconf 90' lang='lat' dir='ltr'><strong>de</strong></span> <span class='ocrx_word' id='word_1_408' title='bbox 1110 4327 1198 4386; x_wconf 85' lang='lat' dir='ltr'><strong>bivia,</strong></span> <span class='ocrx_word' id='word_1_409' title='bbox 1232 4339 1311 4388; x_wconf 86' lang='lat' dir='ltr'><strong>quem</strong></span> <span class='ocrx_word' id='word_1_410' title='bbox 1331 4325 1465 4390; x_wconf 74' lang='lat' dir='ltr'><strong>Augustus</strong></span> <span class='ocrx_word' id='word_1_411' title='bbox 1485 4325 1527 4378; x_wconf 88' lang='lat' dir='ltr'><strong>Ti.</strong></span> 
     </span>
     <span class='ocr_line' id='line_1_40' title="bbox 193 4403 1530 4471; baseline 0 -13"><span class='ocrx_word' id='word_1_412' title='bbox 193 4403 331 4471; x_wconf 87' lang='lat' dir='ltr'><strong>imparem]</strong></span> <span class='ocrx_word' id='word_1_413' title='bbox 345 4414 492 4462; x_wconf 84' lang='lat' dir='ltr'><strong>necessario</strong></span> <span class='ocrx_word' id='word_1_414' title='bbox 504 4424 532 4464; x_wconf 90' lang='lat' dir='ltr'><strong>ee</strong></span> <span class='ocrx_word' id='word_1_415' title='bbox 543 4413 638 4464; x_wconf 81' lang='lat' dir='ltr'><strong>citium</strong></span> <span class='ocrx_word' id='word_1_416' title='bbox 648 4411 787 4462; x_wconf 87' lang='lat' dir='ltr'><strong>consensui</strong></span> <span class='ocrx_word' id='word_1_417' title='bbox 797 4420 841 4470; x_wconf 91' lang='lat' dir='ltr'><strong>ps·</strong></span> <span class='ocrx_word' id='word_1_418' title='bbox 878 4407 977 4459; x_wconf 81' lang='lat' dir='ltr'><strong>Neroni</strong></span> <span class='ocrx_word' id='word_1_419' title='bbox 997 4407 1167 4466; x_wconf 73' lang='lat' dir='ltr'><strong>abduxisset:</strong></span> <span class='ocrx_word' id='word_1_420' title='bbox 1198 4407 1296 4458; x_wconf 81' lang='lat' dir='ltr'><strong>uidisse</strong></span> <span class='ocrx_word' id='word_1_421' title='bbox 1314 4409 1433 4470; x_wconf 89' lang='lat' dir='ltr'><strong>principe</strong></span> <span class='ocrx_word' id='word_1_422' title='bbox 1453 4406 1530 4459; x_wconf 85' lang='lat' dir='ltr'><strong>Gsia.</strong></span> 
     </span>
     <span class='ocr_line' id='line_1_41' title="bbox 194 4483 1531 4555; baseline -0.002 -16"><span class='ocrx_word' id='word_1_423' title='bbox 194 4501 252 4540; x_wconf 89' lang='lat' dir='ltr'><strong>rere</strong></span> <span class='ocrx_word' id='word_1_424' title='bbox 265 4487 372 4538; x_wconf 85' lang='lat' dir='ltr'><strong>debere.</strong></span> <span class='ocrx_word' id='word_1_425' title='bbox 388 4514 419 4525; x_wconf 89' lang='lat'><em>-</em></span> <span class='ocrx_word' id='word_1_426' title='bbox 434 4503 613 4555; x_wconf 86' lang='lat' dir='ltr'><strong>summamque</strong></span> <span class='ocrx_word' id='word_1_427' title='bbox 629 4503 683 4540; x_wconf 88' lang='lat' dir='ltr'><strong>rem</strong></span> <span class='ocrx_word' id='word_1_428' title='bbox 697 4483 839 4551; x_wconf 84' lang='lat' dir='ltr'><strong>publicam]</strong></span> <span class='ocrx_word' id='word_1_429' title='bbox 879 4487 955 4539; x_wconf 87' lang='lat' dir='ltr'><strong>Suet.</strong></span> <span class='ocrx_word' id='word_1_430' title='bbox 976 4487 1032 4539; x_wconf 84' lang='lat' dir='ltr'><strong>Csi.</strong></span> <span class='ocrx_word' id='word_1_431' title='bbox 1053 4486 1104 4537; x_wconf 66' lang='lat' dir='ltr'><strong>dte</strong></span> <span class='ocrx_word' id='word_1_432' title='bbox 1124 4486 1273 4536; x_wconf 83' lang='lat' dir='ltr'><strong>Drusiiium</strong></span> <span class='ocrx_word' id='word_1_433' title='bbox 1290 4499 1409 4537; x_wconf 86' lang='lat' dir='ltr'><strong>sororem</strong></span> <span class='ocrx_word' id='word_1_434' title='bbox 1424 4483 1455 4535; x_wconf 79' lang='lat' dir='ltr'><strong>b.</strong></span> <span class='ocrx_word' id='word_1_435' title='bbox 1471 4487 1531 4538; x_wconf 82' lang='lat' dir='ltr'><strong>cas·</strong></span> 
     </span>
     <span class='ocr_line' id='line_1_42' title="bbox 193 4565 1531 4634; baseline -0.002 -14"><span class='ocrx_word' id='word_1_436' title='bbox 193 4567 291 4631; x_wconf 73' lang='lat' dir='ltr'><strong>raigeri</strong></span> <span class='ocrx_word' id='word_1_437' title='bbox 310 4580 398 4621; x_wconf 90' lang='lat' dir='ltr'><strong>errore</strong></span> <span class='ocrx_word' id='word_1_438' title='bbox 415 4571 499 4634; x_wconf 86' lang='lat' dir='ltr'><strong>reip.</strong></span> <span class='ocrx_word' id='word_1_439' title='bbox 530 4569 594 4622; x_wconf 86' lang='lat' dir='ltr'><strong>Cad.</strong></span> <span class='ocrx_word' id='word_1_440' title='bbox 617 4568 705 4621; x_wconf 86' lang='lat' dir='ltr'><strong>Gueii.</strong></span> <span class='ocrx_word' id='word_1_441' title='bbox 726 4575 751 4621; x_wconf 91' lang='lat' dir='ltr'><strong>et</strong></span> <span class='ocrx_word' id='word_1_442' title='bbox 771 4567 839 4618; x_wconf 86' lang='lat' dir='ltr'><strong>Edd.</strong></span> <span class='ocrx_word' id='word_1_443' title='bbox 877 4568 917 4617; x_wconf 86' lang='lat' dir='ltr'><strong>sio</strong></span> <span class='ocrx_word' id='word_1_444' title='bbox 935 4567 1056 4632; x_wconf 84' lang='lat' dir='ltr'><strong>Lcuqs&#39;na</strong></span> <span class='ocrx_word' id='word_1_445' title='bbox 1081 4565 1214 4617; x_wconf 87' lang='lat' dir='ltr'><strong>consulari</strong></span> <span class='ocrx_word' id='word_1_446' title='bbox 1240 4565 1394 4616; x_wconf 81' lang='lat' dir='ltr'><strong>coitamiam</strong></span> <span class='ocrx_word' id='word_1_447' title='bbox 1418 4565 1531 4618; x_wconf 76' lang='lat' dir='ltr'><strong>abducit</strong></span> 
     </span>
     <span class='ocr_line' id='line_1_43' title="bbox 194 4645 1531 4712; baseline -0.002 -13"><span class='ocrx_word' id='word_1_448' title='bbox 194 4647 348 4712; x_wconf 79' lang='lat' dir='ltr'><strong>snteRyclr.</strong></span> <span class='ocrx_word' id='word_1_449' title='bbox 364 4648 484 4712; x_wconf 87' lang='lat' dir='ltr'><strong>Optimus</strong></span> <span class='ocrx_word' id='word_1_450' title='bbox 499 4652 627 4712; x_wconf 85' lang='lat' dir='ltr'><strong>interpres</strong></span> <span class='ocrx_word' id='word_1_451' title='bbox 647 4650 721 4702; x_wconf 87' lang='lat' dir='ltr'><strong>Suet.</strong></span> <span class='ocrx_word' id='word_1_452' title='bbox 736 4647 839 4700; x_wconf 67' lang='lat' dir='ltr'><strong>Gilda</strong></span> <span class='ocrx_word' id='word_1_453' title='bbox 877 4648 948 4697; x_wconf 82' lang='lat' dir='ltr'><strong>etin</strong></span> <span class='ocrx_word' id='word_1_454' title='bbox 965 4647 1072 4697; x_wconf 88' lang='lat' dir='ltr'><strong>madum</strong></span> <span class='ocrx_word' id='word_1_455' title='bbox 1089 4649 1175 4695; x_wconf 83' lang='lat' dir='ltr'><strong>iustae</strong></span> <span class='ocrx_word' id='word_1_456' title='bbox 1199 4647 1292 4695; x_wconf 81' lang='lat' dir='ltr'><strong>usuris</strong></span> <span class='ocrx_word' id='word_1_457' title='bbox 1314 4645 1457 4708; x_wconf 85' lang='lat' dir='ltr'><strong>propalam</strong></span> <span class='ocrx_word' id='word_1_458' title='bbox 1484 4647 1531 4696; x_wconf 84' lang='lat' dir='ltr'><strong>ba·</strong></span> 
     </span>
     <span class='ocr_line' id='line_1_44' title="bbox 192 4723 1531 4794; baseline -0.001 -16"><span class='ocrx_word' id='word_1_459' title='bbox 192 4725 320 4778; x_wconf 83' lang='lat' dir='ltr'><strong>illecebris</strong></span> <span class='ocrx_word' id='word_1_460' title='bbox 331 4729 495 4793; x_wconf 77' lang='lat' dir='ltr'><strong>Aprippinae</strong></span> <span class='ocrx_word' id='word_1_461' title='bbox 509 4745 558 4794; x_wconf 88' lang='lat' dir='ltr'><strong>per</strong></span> <span class='ocrx_word' id='word_1_462' title='bbox 575 4732 617 4780; x_wconf 89' lang='lat' dir='ltr'><strong>ius</strong></span> <span class='ocrx_word' id='word_1_463' title='bbox 634 4729 715 4781; x_wconf 84' lang='lat' dir='ltr'><strong>osculi</strong></span> <span class='ocrx_word' id='word_1_464' title='bbox 731 4735 756 4778; x_wconf 84' lang='lat' dir='ltr'><strong>et</strong></span> <span class='ocrx_word' id='word_1_465' title='bbox 769 4727 841 4777; x_wconf 89' lang='lat' dir='ltr'><strong>blan·</strong></span> <span class='ocrx_word' id='word_1_466' title='bbox 877 4727 943 4777; x_wconf 86' lang='lat' dir='ltr'><strong>buit.</strong></span> <span class='ocrx_word' id='word_1_467' title='bbox 981 4727 1022 4777; x_wconf 91' lang='lat' dir='ltr'><strong>ld.</strong></span> <span class='ocrx_word' id='word_1_468' title='bbox 1043 4725 1095 4777; x_wconf 74' lang='lat'><strong>25:</strong></span> <span class='ocrx_word' id='word_1_469' title='bbox 1127 4725 1232 4774; x_wconf 86' lang='lat' dir='ltr'><strong>Livium</strong></span> <span class='ocrx_word' id='word_1_470' title='bbox 1251 4723 1418 4780; x_wconf 83' lang='lat' dir='ltr'><strong>Orestillam,</strong></span> <span class='ocrx_word' id='word_1_471' title='bbox 1439 4726 1467 4777; x_wconf 84' lang='lat' dir='ltr'><strong>c.</strong></span> <span class='ocrx_word' id='word_1_472' title='bbox 1486 4724 1531 4776; x_wconf 81' lang='lat' dir='ltr'><strong>Pi·</strong></span> 
     </span>
     <span class='ocr_line' id='line_1_45' title="bbox 194 4805 1528 4873; baseline -0.001 -17"><span class='ocrx_word' id='word_1_473' title='bbox 194 4807 322 4857; x_wconf 86' lang='lat' dir='ltr'><strong>ditiarum</strong></span> <span class='ocrx_word' id='word_1_474' title='bbox 349 4810 496 4860; x_wconf 85' lang='lat' dir='ltr'><strong>occasiones</strong></span> <span class='ocrx_word' id='word_1_475' title='bbox 519 4811 645 4873; x_wconf 84' lang='lat' dir='ltr'><strong>pellectus</strong></span> <span class='ocrx_word' id='word_1_476' title='bbox 666 4810 696 4858; x_wconf 89' lang='lat' dir='ltr'><strong>tn</strong></span> <span class='ocrx_word' id='word_1_477' title='bbox 725 4819 841 4858; x_wconf 86' lang='lat' dir='ltr'><strong>amarem</strong></span> <span class='ocrx_word' id='word_1_478' title='bbox 878 4808 937 4857; x_wconf 87' lang='lat' dir='ltr'><strong>soni</strong></span> <span class='ocrx_word' id='word_1_479' title='bbox 954 4807 1110 4865; x_wconf 88' lang='lat' dir='ltr'><strong>nubentem,</strong></span> <span class='ocrx_word' id='word_1_480' title='bbox 1142 4819 1200 4854; x_wconf 89' lang='lat' dir='ltr'><strong>eum</strong></span> <span class='ocrx_word' id='word_1_481' title='bbox 1217 4805 1253 4856; x_wconf 87' lang='lat' dir='ltr'><strong>ad</strong></span> <span class='ocrx_word' id='word_1_482' title='bbox 1272 4805 1386 4870; x_wconf 72' lang='lat' dir='ltr'><strong>officium</strong></span> <span class='ocrx_word' id='word_1_483' title='bbox 1410 4806 1528 4864; x_wconf 72' lang='lat' dir='ltr'><strong>venusti,</strong></span> 
     </span>
     <span class='ocr_line' id='line_1_46' title="bbox 191 4885 1529 4953; baseline -0.001 -16"><span class='ocrx_word' id='word_1_484' title='bbox 191 4886 346 4939; x_wconf 82' lang='lat' dir='ltr'><strong>subamauit</strong></span> <span class='ocrx_word' id='word_1_485' title='bbox 371 4890 401 4938; x_wconf 88' lang='lat' dir='ltr'><strong>in</strong></span> <span class='ocrx_word' id='word_1_486' title='bbox 421 4891 544 4953; x_wconf 79' lang='lat' dir='ltr'><strong>proximo</strong></span> <span class='ocrx_word' id='word_1_487' title='bbox 563 4895 668 4943; x_wconf 83' lang='lat' dir='ltr'><strong>senatu,</strong></span> <span class='ocrx_word' id='word_1_488' title='bbox 697 4889 742 4952; x_wconf 81' lang='lat' dir='ltr'><strong>qus·</strong></span> <span class='ocrx_word' id='word_1_489' title='bbox 760 4899 840 4939; x_wconf 72' lang='lat' dir='ltr'><strong>censa</strong></span> <span class='ocrx_word' id='word_1_490' title='bbox 877 4887 913 4937; x_wconf 87' lang='lat' dir='ltr'><strong>ad</strong></span> <span class='ocrx_word' id='word_1_491' title='bbox 931 4899 957 4936; x_wconf 90' lang='lat' dir='ltr'><strong>ss</strong></span> <span class='ocrx_word' id='word_1_492' title='bbox 975 4886 1069 4936; x_wconf 85' lang='lat' dir='ltr'><strong>deduci</strong></span> <span class='ocrx_word' id='word_1_493' title='bbox 1094 4885 1253 4950; x_wconf 83' lang='lat' dir='ltr'><strong>imperauit,</strong></span> <span class='ocrx_word' id='word_1_494' title='bbox 1286 4886 1409 4948; x_wconf 88' lang='lat' dir='ltr'><strong>intraque</strong></span> <span class='ocrx_word' id='word_1_495' title='bbox 1430 4899 1529 4948; x_wconf 88' lang='lat' dir='ltr'><strong>paucos</strong></span> 
     </span>
     <span class='ocr_line' id='line_1_47' title="bbox 136 4963 1528 5031; baseline -0.001 -15"><span class='ocrx_word' id='word_1_496' title='bbox 136 4979 145 5000; x_wconf 81' lang='lat'><em>⁰</em></span> <span class='ocrx_word' id='word_1_497' title='bbox 192 4975 252 5019; x_wconf 90' lang='lat' dir='ltr'><strong>rent</strong></span> <span class='ocrx_word' id='word_1_498' title='bbox 270 4967 416 5031; x_wconf 80' lang='lat' dir='ltr'><strong>copendum</strong></span> <span class='ocrx_word' id='word_1_499' title='bbox 439 4982 465 5021; x_wconf 89' lang='lat' dir='ltr'><strong>se</strong></span> <span class='ocrx_word' id='word_1_500' title='bbox 483 4970 518 5020; x_wconf 84' lang='lat' dir='ltr'><strong>ad</strong></span> <span class='ocrx_word' id='word_1_501' title='bbox 537 4969 681 5019; x_wconf 88' lang='lat' dir='ltr'><strong>ducendam</strong></span> <span class='ocrx_word' id='word_1_502' title='bbox 701 4981 759 5018; x_wconf 91' lang='lat' dir='ltr'><strong>eam</strong></span> <span class='ocrx_word' id='word_1_503' title='bbox 775 4980 841 5018; x_wconf 80' lang='lat' dir='ltr'><strong>uso·</strong></span> <span class='ocrx_word' id='word_1_504' title='bbox 877 4967 932 5016; x_wconf 87' lang='lat' dir='ltr'><strong>dies</strong></span> <span class='ocrx_word' id='word_1_505' title='bbox 949 4966 1118 5028; x_wconf 83' lang='lat' dir='ltr'><strong>repudiatam</strong></span> <span class='ocrx_word' id='word_1_506' title='bbox 1140 4963 1246 5014; x_wconf 85' lang='lat' dir='ltr'><strong>biennio</strong></span> <span class='ocrx_word' id='word_1_507' title='bbox 1261 4970 1323 5025; x_wconf 88' lang='lat' dir='ltr'><strong>post</strong></span> <span class='ocrx_word' id='word_1_508' title='bbox 1342 4964 1475 5029; x_wconf 84' lang='lat' dir='ltr'><strong>reieqavit.</strong></span> <span class='ocrx_word' id='word_1_509' title='bbox 1496 4989 1528 5002; x_wconf 90' lang='lat'>-</span> 
     </span>
     <span class='ocr_line' id='line_1_48' title="bbox 192 5041 1526 5115; baseline 0 -18"><span class='ocrx_word' id='word_1_510' title='bbox 192 5059 262 5110; x_wconf 77' lang='lat' dir='ltr'><strong>ren,</strong></span> <span class='ocrx_word' id='word_1_511' title='bbox 289 5049 367 5115; x_wconf 87' lang='lat' dir='ltr'><strong>quast</strong></span> <span class='ocrx_word' id='word_1_512' title='bbox 384 5049 557 5114; x_wconf 87' lang='lat' dir='ltr'><strong>reipublicae</strong></span> <span class='ocrx_word' id='word_1_513' title='bbox 575 5052 689 5100; x_wconf 72' lang='lat' dir='ltr'><strong>maxime</strong></span> <span class='ocrx_word' id='word_1_514' title='bbox 706 5049 841 5099; x_wconf 85' lang='lat' dir='ltr'><strong>interesset</strong></span> <span class='ocrx_word' id='word_1_515' title='bbox 876 5041 1047 5108; x_wconf 87' lang='lat' dir='ltr'><strong>statueretur]</strong></span> <span class='ocrx_word' id='word_1_516' title='bbox 1067 5043 1125 5094; x_wconf 83' lang='lat' dir='ltr'><strong>lion</strong></span> <span class='ocrx_word' id='word_1_517' title='bbox 1144 5057 1235 5095; x_wconf 87' lang='lat' dir='ltr'><strong>omnes</strong></span> <span class='ocrx_word' id='word_1_518' title='bbox 1249 5047 1406 5106; x_wconf 85' lang='lat' dir='ltr'><strong>interpretes</strong></span> <span class='ocrx_word' id='word_1_519' title='bbox 1420 5043 1526 5097; x_wconf 80' lang='lat' dir='ltr'><strong>Germe·</strong></span> 
     </span>
     <span class='ocr_line' id='line_1_49' title="bbox 194 5123 1527 5196; baseline -0.002 -17"><span class='ocrx_word' id='word_1_520' title='bbox 194 5135 245 5180; x_wconf 89' lang='lat' dir='ltr'><strong>eet.</strong></span> <span class='ocrx_word' id='word_1_521' title='bbox 265 5151 297 5165; x_wconf 93' lang='lat'><strong>-·</strong></span> <span class='ocrx_word' id='word_1_522' title='bbox 327 5129 457 5196; x_wconf 78' lang='lat' dir='ltr'><strong>capessat]</strong></span> <span class='ocrx_word' id='word_1_523' title='bbox 483 5129 579 5188; x_wconf 91' lang='lat' dir='ltr'><strong>utli,</strong></span> <span class='ocrx_word' id='word_1_524' title='bbox 598 5129 663 5192; x_wconf 65' lang='lat' dir='ltr'><strong>db,</strong></span> <span class='ocrx_word' id='word_1_525' title='bbox 683 5129 839 5191; x_wconf 87' lang='lat' dir='ltr'><strong>ccmptects-</strong></span> <span class='ocrx_word' id='word_1_526' title='bbox 877 5128 931 5177; x_wconf 90' lang='lat' dir='ltr'><strong>aici</strong></span> <span class='ocrx_word' id='word_1_527' title='bbox 961 5131 1168 5190; x_wconf 84' lang='lat' dir='ltr'><strong>perspexerunt,</strong></span> <span class='ocrx_word' id='word_1_528' title='bbox 1198 5123 1248 5175; x_wconf 89' lang='lat' dir='ltr'><strong>boc</strong></span> <span class='ocrx_word' id='word_1_529' title='bbox 1275 5127 1422 5185; x_wconf 81' lang='lat' dir='ltr'><strong>imperativi</strong></span> <span class='ocrx_word' id='word_1_530' title='bbox 1448 5138 1527 5176; x_wconf 91' lang='lat' dir='ltr'><strong>seasu</strong></span> 
     </span>
     <span class='ocr_line' id='line_1_50' title="bbox 195 5195 1529 5274; baseline -0.001 -13"><span class='ocrx_word' id='word_1_531' title='bbox 195 5214 238 5261; x_wconf 88' lang='lat' dir='ltr'><strong>tas</strong></span> <span class='ocrx_word' id='word_1_532' title='bbox 254 5216 335 5273; x_wconf 87' lang='lat' dir='ltr'><strong>sique</strong></span> <span class='ocrx_word' id='word_1_533' title='bbox 354 5216 438 5262; x_wconf 82' lang='lat' dir='ltr'><strong>curet.</strong></span> <span class='ocrx_word' id='word_1_534' title='bbox 458 5232 492 5250; x_wconf 90' lang='lat'><em>-</em></span> <span class='ocrx_word' id='word_1_535' title='bbox 508 5205 657 5274; x_wconf 85' lang='lat' dir='ltr'><strong>cmsortae]</strong></span> <span class='ocrx_word' id='word_1_536' title='bbox 689 5209 839 5264; x_wconf 82' lang='lat' dir='ltr'><strong>Censorism</strong></span> <span class='ocrx_word' id='word_1_537' title='bbox 876 5208 945 5270; x_wconf 89' lang='lat' dir='ltr'><strong>dici;</strong></span> <span class='ocrx_word' id='word_1_538' title='bbox 965 5195 1014 5259; x_wconf 91' lang='lat' dir='ltr'><strong>sed</strong></span> <span class='ocrx_word' id='word_1_539' title='bbox 1032 5206 1098 5258; x_wconf 89' lang='lat' dir='ltr'><strong>msie</strong></span> <span class='ocrx_word' id='word_1_540' title='bbox 1117 5203 1236 5257; x_wconf 88' lang='lat' dir='ltr'><strong>nonnuiit</strong></span> <span class='ocrx_word' id='word_1_541' title='bbox 1251 5210 1374 5257; x_wconf 79' lang='lat' dir='ltr'><strong>vertunt:</strong></span> <span class='ocrx_word' id='word_1_542' title='bbox 1392 5205 1529 5260; x_wconf 71' lang='lat' dir='ltr'><strong>usuariis</strong></span> 
     </span>
    </p>
   </div>
   <div class='ocr_carea' id='block_1_6' title="bbox 240 5301 1274 5366">
    <p class='ocr_par' dir='ltr' id='par_1_6' title="bbox 240 5301 1274 5366">
     <span class='ocr_line' id='line_1_51' title="bbox 240 5301 1274 5366; baseline 0.008 -8"><span class='ocrx_word' id='word_1_543' title='bbox 240 5301 344 5358; x_wconf 67' lang='lat' dir='ltr'><strong>asem</strong></span> <span class='ocrx_word' id='word_1_544' title='bbox 360 5303 381 5356; x_wconf 87' lang='lat' dir='ltr'><strong>i.</strong></span> <span class='ocrx_word' id='word_1_545' title='bbox 1231 5301 1274 5366; x_wconf 65' lang='lat'><strong>24</strong></span> 
     </span>
    </p>
   </div>
   <div class='ocr_carea' id='block_1_7' title="bbox 0 0 1872 5917">
    <p class='ocr_par' dir='ltr' id='par_1_7' title="bbox 0 0 1872 5917">
     <span class='ocr_line' id='line_1_52' title="bbox 0 0 1872 5917; baseline 0 0"><span class='ocrx_word' id='word_1_546' title='bbox 0 0 1872 5917; x_wconf 95' lang='lat' dir='ltr'><strong> </strong></span> 
     </span>
    </p>
   </div>
  </div>
 </body>
</html>
