3734 5917
209 689 448 771 ammes,
464 688 603 759 aiteram
616 686 799 759 bum
813 703 951 773 eaquae
964 704 1032 753 avo
1047 688 1243 772 propiorem
1264 678 1351 771 [iila
1363 688 1548 775 appodatio

208 808 323 890 mitior
344 822 440 888 quarm
464 791 585 883 ilaec]
626 799 683 870 Ad
706 800 793 869 hunc
815 800 985 885 pertineat
1011 817 1085 867 cun
1101 800 1238 872 codices
1262 796 1368 869 iliis
1392 800 1549 869 Vatieaai

210 912 331 985 1863.
352 919 386 983 et
419 909 549 998 laba,
583 912 715 1003 negas
739 912 956 998 parisiensis,
987 908 1167 981 corbineiii
1196 904 1255 995 [ot
1280 903 1548 1001 FmosbrusL

207 1034 280 1098 tum
311 1027 413 1095 euno
442 1024 622 1113 Spirensis.
686 1024 844 1093 Eiusdem
876 1026 992 1110 stirpis
1025 1028 1139 1112 proies
1167 1025 1302 1095 ridetur
1333 1046 1409 1095 esse
1438 1026 1549 1096 codex

208 1142 412 1233 Agricolae,
434 1158 624 1227 quamquam
642 1138 790 1229 degener
806 1143 840 1205 ei
862 1140 1017 1203 meierum
1036 1141 1267 1207 auctoritatem
1288 1159 1405 1225 pmuru
1418 1158 1549 1209 curans.

208 1254 366 1323 Plurimis
393 1254 476 1320 loeis
504 1252 558 1319 bic
584 1254 670 1321 iiber
692 1252 860 1319 consentit
888 1269 961 1317 cnm
994 1249 1139 1317 editione
1167 1247 1341 1339 Spirensi:
1375 1271 1461 1339 quae
1493 1255 1549 1319 ubi

209 1370 330 1451 aperta
362 1367 493 1433 laborat
525 1363 784 1450 depravatione,
823 1359 941 1432 Codex
965 1364 1149 1454 Agricolae
1176 1365 1367 1452 pierumque
1396 1366 1550 1457 indulget

209 1477 408 1547 emendandi
435 1476 558 1543 studio·
616 1478 769 1543 Alterius
790 1476 934 1543 familiae
954 1475 1038 1543 baec
1059 1479 1274 1544 innotuerunt
1297 1480 1425 1565 cupita:
1447 1478 1548 1545 Vati·

208 1587 454 1659 canus1958.
482 1582 541 1673 [et
565 1580 723 1673 aaut-J,
756 1594 825 1657 ires
853 1586 1066 1657 Oxordenses
1090 1593 1126 1657 et
1149 1589 1445 1679 Guelferbytanus.
1492 1592 1548 1661 bix

209 1703 327 1773 eodem
350 1704 444 1810 fonte
465 1694 660 1785 [nonsatis
683 1692 788 1788 puro]
812 1700 984 1769 derivatae
1002 1706 1081 1769 sunt
1107 1702 1271 1771 editiones
1290 1704 1468 1773 Puteolani
1488 1696 1548 1789 [ei

209 1836 297 1907 qnae
319 1836 362 1885 ex
375 1817 427 1883 iris
445 1815 608 1901 pendent,
630 1814 739 1897 iiivii,
761 1814 919 1882 Bcroaidi
938 1817 973 1880 iu
987 1814 1078 1883 bisce
1095 1814 1204 1899 libris,
1225 1816 1372 1905 Alciati,
1393 1836 1435 1884 ex
1450 1824 1547 1903 purte

209 1932 310 1997 etiam
335 1930 490 1996 liberiani
520 1933 769 2015 ceterorumque
794 1931 873 1995 anie
898 1918 1078 2015 lipsium]
1127 1927 1242 1997 codex
1268 1928 1435 1997 Budeusls
1459 1930 1548 1999 inter

209 2046 368 2129 uiresque
398 2040 716 2127 bellissimum,
739 2043 775 2106 ut
805 2042 954 2130 nescias,
977 2042 1019 2110 od
1049 2060 1132 2128 quas
1162 2044 1341 2129 praecipue
1369 2044 1546 2128 pertineat.

208 2154 424 2243 lieliquorum
456 2155 604 2223 codicum
634 2154 764 2221 indoles
794 2155 889 2219 nimis
915 2152 1024 2221 adbuc
1050 2155 1182 2223 occulta
1214 2158 1353 2249 mansii,
1389 2176 1484 2244 quam
1509 2163 1547 2223 ut

209 2270 295 2336 certi
317 2268 394 2355 quid
417 2266 459 2334 de
480 2286 591 2334 corum
612 2286 738 2359 genere
761 2266 888 2334 deliniri
910 2270 1044 2354 possit.»

297 2383 468 2449 iiactenus
497 2381 658 2468 Ruperti,
689 2382 782 2449 cuius
806 2381 918 2467 opinio
944 2379 1029 2447 baec
1062 2384 1151 2446 erat:
1187 2377 1331 2452 «Omnes
1353 2380 1388 2447 bi
1413 2380 1548 2453 codices

209 2494 302 2562 Anu.
317 2496 373 2561 lib.
385 2493 574 2569 xl-xvl.
597 2494 683 2561 illst,
700 2492 801 2562 i-V.
821 2512 864 2561 ax
885 2512 952 2559 uno
974 2488 1155 2581 eodemque
1176 2493 1271 2561 tonte
1284 2494 1547 2586 archetypoque,

209 2626 274 2676 nec
298 2615 407 2675 tamen
429 2627 472 2675 ex
495 2610 569 2693 ipso
594 2608 650 2673 illo
674 2604 753 2674 MS.
774 2606 970 2673 Florentino
995 2607 1068 2672 sive
1093 2606 1369 2696 Irongoburdico,
1393 2607 1455 2675 sed
1479 2628 1547 2677 una

211 2738 286 2788 cum
308 2722 363 2785 illo
385 2722 513 2787 exalia
537 2722 571 2787 et
593 2718 780 2807 antiquiore
800 2717 996 2786 linxerunt.»
1041 2718 1127 2785 Mihi
1151 2724 1269 2787 contra
1290 2740 1374 2788 vera
1395 2741 1438 2789 ex
1452 2725 1546 2789 antl-

210 2835 339 2919 quitate
356 2852 440 2900 unus
461 2831 568 2902 codex
588 2830 863 2922 Langobardieus
886 2832 928 2898 ad
950 2852 1013 2898 nos
1033 2834 1227 2916 pervenisse
1245 2832 1395 2920 videtur,
1416 2853 1459 2902 arr
1480 2855 1546 2923 qno

209 2949 315 3014 ceteri
330 2962 444 3013 omnes
458 2950 609 3031 expressi
628 2948 714 3026 sint,
735 2944 812 3011 inde
828 2946 869 3011 ab
885 2962 924 3010 eo
947 2948 1111 3031 tempure,
1133 2965 1198 3032 quo
1213 2946 1269 3013 iiie
1289 2948 1322 3012 in
1337 2947 1546 3019 Bibliotheca

208 3056 248 3129 S.
264 3059 373 3127 Marci
392 3058 586 3127 Florentino
607 3076 628 3125 a
651 3076 770 3147 magno
793 3058 849 3123 iiio
871 3055 991 3126 cosmo
1016 3056 1188 3144 depositus
1213 3063 1280 3127 cst:
1311 3063 1435 3129 nulium
1460 3064 1546 3129 enim

209 3174 309 3259 novi,
337 3172 379 3239 de
402 3190 466 3259 quo
492 3172 645 3239 affirmari
668 3173 795 3258 possit,
827 3172 1043 3257 antiquiorem
1066 3190 1138 3237 eum
1160 3191 1235 3239 esse
1259 3192 1289 3240 u.
1315 3173 1451 3264 1444„
1480 3194 1545 3263 quo

210 3286 268 3352 illa
285 3285 421 3354 condito
442 3289 503 3352 esi.
546 3285 660 3373 Atque
682 3304 724 3353 eo
748 3284 920 3351 dumtaxat
940 3286 1071 3379 nomine
1092 3286 1238 3353 interae
1260 3285 1432 3372 differunt,
1457 3286 1546 3375 quod

210 3417 297 3465 unus
319 3398 497 3486 minimum,
517 3398 663 3465 sortasse
684 3398 810 3483 aliquoi
833 3396 991 3482 descripti
1016 3402 1095 3465 sunt
1119 3418 1162 3465 ex
1183 3400 1438 3493 Langobardicu
1460 3406 1547 3492 ipsu,

211 3514 267 3579 aiil
281 3530 325 3579 ex
338 3511 434 3579 buius
449 3500 597 3585 ἐκτύποις
618 3512 708 3579 iectu
729 3512 842 3597 utique
862 3511 965 3577 multo
985 3511 1211 3598 facilioribus,
1232 3531 1272 3580 ac
1286 3515 1546 3600 promptioribus

212 3626 350 3693 inventu
371 3626 431 3710 iis,
453 3625 570 3712 quibus
583 3624 785 3691 Florentiam
807 3622 899 3690 adire
919 3644 986 3691 non
1005 3625 1159 3692 vacabat.
1201 3626 1328 3717 ingens
1347 3632 1457 3695 anim
1477 3647 1545 3695 va-

211 3740 341 3807 rietatis
363 3737 536 3805 multitudo
566 3740 600 3803 in
630 3735 683 3803 bis
708 3738 827 3803 rivulis
846 3737 941 3804 varie
971 3756 1015 3803 ex
1043 3756 1081 3803 se
1113 3736 1267 3806 deductis
1287 3739 1463 3808 tribuenda
1491 3742 1545 3808 est

213 3855 330 3941 partlm
360 3870 470 3919 merae
501 3851 698 3936 scriptorum
730 3850 936 3917 librariorum
968 3850 1197 3939 negligentiae
1225 3852 1282 3919 vel
1309 3853 1464 3922 licentiae
1495 3854 1544 3921 iiii

213 3968 365 4049 criticae,
386 3983 450 4052 qna
465 3965 542 4031 itali
557 3960 633 4031 Sec.
648 3961 723 4031 XV.
745 3964 778 4030 in
794 3965 1002 4050 antiquorum
1023 3963 1150 4051 scripta
1167 3965 1418 4054 grassabantur.
1448 3968 1543 4058 Ergo

212 4098 293 4148 vora
303 4080 431 4146 utilitas
443 4076 557 4144 horum
572 4075 720 4144 codicum
735 4075 801 4143 duo
815 4073 1040 4142 tantummodo
1051 4074 1095 4142 ad
1106 4079 1218 4163 capita
1230 4077 1336 4145 rediit
1350 4081 1384 4145 in
1395 4080 1437 4146 iis
1446 4082 1543 4168 oraim,

214 4196 268 4281 qai
292 4212 334 4260 ex
348 4188 602 4282 [langobardico
621 4191 693 4277 ipso
708 4189 799 4257 ducti
818 4192 912 4281 sunt,
934 4192 1080 4255 exeunte
1093 4184 1171 4257 See
1184 4189 1261 4258 XV·
1280 4193 1440 4259 nonnulla
1455 4210 1545 4261 nune

214 4326 319 4393 prope
333 4304 477 4374 evanida
492 4308 551 4373 aut
564 4303 826 4372 correctionibus
840 4303 1019 4371 obscurata
1038 4303 1184 4371 tortasse
1203 4303 1336 4372 iaciiius
1354 4309 1543 4393 certiusqne

213 4420 281 4507 legi
296 4422 397 4507 atque
410 4418 556 4487 exscribi
576 4418 754 4484 etiamtunc
768 4420 941 4502 poterant:
963 4434 1064 4503 porro
1078 4418 1113 4482 in
1126 4416 1180 4482 bis
1191 4420 1292 4503 atque
1306 4418 1381 4484 aliis
1394 4438 1438 4485 ex
1453 4420 1543 4486 iliius

213 4521 422 4620 ἀπογράψας
435 4530 545 4599 ductis
566 4528 742 4597 mmrtesto
756 4533 835 4594 sunt
856 4529 984 4615 aliquot
1000 4529 1116 4616 scripti
1133 4548 1201 4596 non
1220 4531 1264 4597 ab
1279 4532 1441 4615 operariis
1453 4550 1544 4599 mer-

213 4646 296 4716 cede
311 4644 500 4732 conduciis,
520 4642 581 4711 sed
595 4662 616 4709 a
630 4642 712 4709 viris
727 4642 842 4709 critico
855 4660 957 4708 sensu
971 4640 1147 4727 praeditis,
1162 4661 1299 4729 quorum
1314 4646 1543 4715 correctiones

213 4760 366 4829 consulto
379 4759 490 4827 tactae
504 4754 667 4825 interdum
680 4754 815 4838 saitem,
836 4756 986 4840 quamvis
998 4774 1092 4841 raro,
1107 4755 1298 4840 probabiles
1312 4755 1377 4825 dici
1390 4760 1543 4843 possunt.

296 4867 420 4941 Similis
435 4873 509 4938 olim
525 4872 599 4937 erat
613 4869 797 4937 auctoritas
811 4870 961 4935 veterum
976 4867 1154 4935 editionum
1167 4887 1189 4936 a
1203 4868 1381 4937 Waltbero
1395 4867 1543 4959 diligen·

215 4988 339 5057 tissime
367 4986 577 5069 cubaturum,
613 5000 698 5068 quae
726 4985 804 5067 post
827 4980 955 5047 Baiteri
985 5000 1097 5050 curam
1121 4984 1186 5049 lau
1210 5000 1315 5069 propo
1339 4980 1384 5048 ad
1406 4982 1541 5049 nibilum

214 5101 351 5171 redacta
369 5102 441 5189 esi,
463 5099 692 5184 praeterquam
713 5095 769 5162 ubl
789 5097 825 5159 in
839 5094 880 5159 ils
894 5094 1060 5181 reperitur
1074 5096 1266 5163 coniectura
1278 5094 1405 5182 aliquo,
1424 5096 1543 5181 impri-

215 5212 550 5298 muniebamur
563 5207 734 5281 codicibus
745 5204 856 5279 adbuc
868 5208 1022 5277 excussis
1034 5206 1179 5277 noudum
1189 5210 1380 5277 memorata.
1407 5206 1542 5279 Nibilo-
