3734 5917
341 481 401 546 iet)
745 477 934 544 CORNELII
955 478 1090 544 Ticini
1109 481 1317 548 iudiciiin

337 638 503 726 compositi
531 659 639 724 regem
667 641 840 727 urbemque
873 639 1133 728 Philippopolim,
1165 639 1376 708 ehlscedone
1401 641 1547 730 Philippo
1568 641 1672 718 sitam,

338 752 572 823 circumsidunt.
614 751 676 836 (eii)
710 771 791 840 quae
821 752 878 820 uhi
907 755 1032 837 cognita
1064 756 1100 819 P.
1134 753 1263 820 Vellaeo
1296 755 1336 834 (ie
1367 755 1549 838 proximum
1583 775 1675 822 exer·

336 869 433 934 citum
468 863 693 952 praesidebat),
731 867 845 934 alarius
880 866 1002 954 equites
1031 886 1067 932 ec
1100 865 1178 933 levis
1213 869 1389 934 cohortium
1422 868 1516 934 mittit
1548 870 1583 934 in
1618 889 1673 936 eos

336 981 390 1068 qui
411 978 629 1067 praedabundi
649 986 703 1045 ant
724 978 923 1046 adsumendis
946 979 1072 1046 auxiliis
1094 982 1305 1065 vagabantur,
1329 981 1397 1068 ipse
1418 979 1673 1068 ruburpeditum

310 1093 376 1161 sad
398 1095 624 1161 exsolvendum
652 1090 809 1160 obsidium
842 1091 939 1159 ducii.
962 1092 1119 1180 simulque
1141 1102 1424 1182 cunctapruepere
1445 1103 1536 1172 ecta,
1573 1099 1673 1162 caesis

335 1206 594 1293 populatoribus,
631 1213 662 1272 et
694 1205 889 1272 dissensione
922 1214 993 1272 urta
1018 1209 1103 1291 apud
1123 1209 1305 1272 obsidentes
1326 1209 1474 1294 regisque
1494 1217 1673 1295 opportuna

336 1324 503 1408 eruptione
531 1329 563 1386 ct
591 1324 728 1386 adventu
758 1319 900 1404 legionis.
924 1340 1028 1406 neque
1053 1322 1154 1385 aciem
1176 1329 1231 1386 aut
1250 1319 1406 1404 praelium
1427 1320 1490 1387 dici
1511 1323 1670 1398 decuerit,

334 1436 367 1503 in
389 1455 453 1522 quo
477 1432 625 1501 semermi
647 1453 684 1500 ac
704 1435 845 1518 palantes
868 1431 1015 1499 trucidati
1036 1440 1108 1498 eunt
1128 1434 1195 1499 sine
1217 1443 1326 1500 nostru
1349 1436 1510 1519 sanguine.

420 1547 481 1634 (to)
507 1551 628 1614 Eodem
657 1567 739 1613 anno
769 1545 939 1612 Galliarum
968 1544 1109 1612 civitates
1141 1549 1183 1612 ob
1205 1546 1451 1630 magnitudinem
1472 1549 1556 1614 ueris
1577 1547 1671 1614 slieui

295 1693 324 1734 re
333 1662 538 1730 rebellionem
577 1670 784 1748 coeptavere,
821 1662 910 1726 cuins
943 1661 1161 1726 exstimulatur
1193 1661 1364 1727 acerrimus
1400 1660 1481 1726 inter
1516 1665 1671 1728 Treveros

333 1778 430 1844 lulius
452 1778 581 1854 Florus,
603 1773 686 1858 apud
707 1773 834 1841 heduos
849 1775 948 1839 Iulius
962 1775 1119 1840 Sacrovir.
1142 1773 1289 1838 nobilitas
1303 1771 1457 1839 ambobus
1470 1783 1503 1840 et
1516 1773 1670 1840 maiorum

332 1895 416 1957 buna
446 1891 546 1966 lactc,
582 1908 685 1975 coque
718 1891 857 1954 Romena
886 1886 995 1954 civitas
1022 1886 1097 1953 olim
1131 1890 1221 1963 date,
1256 1907 1329 1952 cnm
1349 1889 1382 1952 id
1404 1909 1508 1953 rerum
1530 1909 1590 1954 nec
1610 1887 1672 1954 nisi

333 2003 443 2074 virtuti
464 2003 601 2091 pretinm
621 2009 714 2068 esset.
737 2003 761 2066 ii
775 2003 903 2068 secretis
919 2000 1115 2086 conloquiis,
1136 1998 1336 2068 ferocissimo
1350 2020 1477 2088 quoque
1489 2000 1668 2088 adsumpto,

333 2127 388 2185 aut
408 2116 523 2206 quibus
545 2114 587 2186 ob
610 2123 780 2203 egestatem
802 2136 839 2180 ac
858 2123 976 2180 mutum
998 2134 1038 2180 ex
1059 2112 1183 2198 llagitiis
1205 2117 1341 2180 maxima
1363 2114 1514 2201 peccandi
1535 2116 1671 2180 necessi·

295 2230 426 2310 titudo,
448 2239 641 2319 compununt
662 2229 774 2298 Florus
795 2228 922 2315 Belgas,
945 2230 1092 2295 Sacrovir
1111 2225 1276 2314 propiores
1292 2225 1395 2294 Gallos
1409 2227 1548 2294 concire.
1571 2229 1670 2312 igitar

404 2436 428 2487 1.
447 2433 540 2484 erices
563 2434 608 2496 qui
630 2432 669 2484 Μ.
691 2456 722 2470 -
741 2431 768 2482 2.
787 2429 817 2480 P.
836 2429 882 2482 ii:
901 2427 1044 2480 Publicii.
1073 2452 1106 2463 —
1124 2426 1212 2481 Habet
1232 2428 1335 2480 Veliuee
1352 2429 1399 2488 Μ,
1427 2443 1479 2482 non
1501 2429 1610 2489 Veiieio,
1639 2434 1670 2480 ut

333 2505 396 2556 iude
414 2518 430 2555 e
448 2505 577 2557 Rhenanu
597 2503 711 2555 edebant
729 2509 789 2554 ante
807 2501 969 2553 licitarum.
998 2499 1093 2549 Velisci
1110 2506 1199 2550 autem
1217 2506 1244 2551 et
1266 2499 1356 2549 i'eiieie'
1372 2502 1455 2562 probe
1473 2501 1671 2563 distinguuntur

332 2580 413 2630 etiem
433 2579 459 2627 in
477 2573 707 2637 inscriptionibus.
741 2597 770 2609 ·—
791 2572 816 2624 ³·
836 2573 900 2621 levis
918 2571 962 2623 ii:
988 2570 1053 2620 leues
1073 2569 1104 2619 ii.
1124 2594 1155 2608 -
1176 2570 1203 2620 4.
1222 2571 1297 2635 pred.
1314 2571 1352 2620 Μ.
1372 2597 1403 2608 -
1421 2573 1480 2622 σίν.
1499 2571 1543 2623 Μ;
1563 2585 1616 2624 uss.
1635 2572 1668 2624 li.

332 2673 366 2686 -
385 2649 412 2699 5.
431 2659 574 2712 promeres
590 2646 629 2698 Μ.
650 2669 682 2682 -
700 2644 727 2695 6.
747 2648 913 2707 mertanne
929 2643 1054 2704 ruptione
1072 2640 1111 2692 Μ.
1137 2665 1168 2678 -
1190 2639 1217 2691 ’1.
1237 2642 1297 2700 συί]
1317 2650 1381 2704 epus
1398 2643 1437 2693 ii.
1458 2669 1487 2681 -
1509 2641 1536 2692 e.
1548 2654 1671 2696 semem

331 2719 380 2782 ii,
399 2731 534 2771 senmmes
553 2715 683 2770 Beroaldu
700 2721 808 2766 auctore
827 2713 919 2776 raige.
943 2714 1007 2762 item
1023 2711 1155 2775 Waiiber,
1170 2711 1451 2772 iiities,liuederietn.
1488 2715 1524 2764 At
1541 2713 1588 2764 eir.
1607 2714 1667 2765 Lib.

332 2791 366 2852 1,
384 2789 429 2843 66.
448 2789 484 2853 a,
502 2789 547 2841 45.
569 2813 597 2828 -
619 2789 662 2840 11.
682 2792 748 2850 upari
765 2785 803 2838 Μ.
825 2811 856 2824 -
876 2783 918 2836 ii.
938 2783 1006 2834 cent·
1025 2782 1064 2836 Μ.
1083 2782 1144 2832 οοίί.
1164 2781 1196 2833 li.
1226 2807 1256 2820 -
1274 2784 1332 2834 uda·
1351 2783 1395 2836 bi:
1415 2796 1469 2834 uss.
1489 2783 1521 2836 s.

332 2990 416 3053 bant;
437 2989 826 3056 opponunturremeiipupuii.
842 3011 870 3024 -
884 2981 981 3049 repens]
1021 2984 1173 3048 Boettcher,
1211 2985 1458 3053 buedspeeisaiacbe
1488 2986 1575 3041 lieiier
1604 2987 1668 3042 Gut-

331 3071 548 3124 ltbueuretalcen.
564 3097 594 3110 -
615 3066 829 3134 Philippopolim]
847 3067 941 3120 Strabo
953 3066 980 3117 7.
1021 3079 1109 3117 mann.

333 3164 360 3214 p.
380 3152 451 3203 eso:
476 3145 656 3222 ‘Percussurus
680 3147 711 3202 ia
738 3147 792 3201 scri
819 3148 981 3212 Βυζαντίου
1054 3146 1098 3197 46.
1117 3149 1186 3198 um
1203 3147 1294 3209 clleo]
1312 3149 1384 3212 quod
1403 3150 1515 3202 maxime
1533 3149 1566 3202 ad
1586 3151 1669 3202 tribu·

330 3230 366 3285 sd
385 3229 444 3286 suiv
470 3226 572 3284 Ἀστῶν
594 3224 698 3293 ἔθνος,
726 3227 758 3280 ἐν
782 3219 908 3296 dedier
924 3226 982 3278 Κοι·
1020 3234 1046 3280 ia
1063 3239 1151 3280 annua
1169 3229 1295 3282 solvenda
1314 3235 1498 3283 contraxerant
1508 3230 1578 3293 apud
1597 3231 1668 3283 iene-

330 3309 429 3378 λύβη,
452 3308 594 3362 Φιλίππου
613 3307 668 3360 τοῦ
686 3304 825 3374 Ἀμύντου
843 3304 915 3369 τοὺς
932 3321 982 3357 so·
1019 3315 1118 3360 retures
1138 3308 1286 3372 Romanos,
1315 3313 1361 3373 uui
1387 3323 1492 3373 magnes
1511 3324 1603 3363 ussine
1627 3325 1670 3364 se·

330 3385 515 3464 νηροτάτους
537 3385 668 3439 ἐνταῦθα
690 3381 874 3456 ίδρύσοντος.
912 3384 982 3436 ilinc
1019 3401 1080 3439 sere
1098 3388 1245 3452 exigebant.
1287 3388 1384 3442 Similis
1411 3392 1475 3443 oiim
1499 3403 1579 3444 eausa
1596 3392 1667 3443 Allu-

331 3483 380 3534 per
398 3467 585 3522 contumeliam
603 3465 747 3518 secabatur
777 3468 855 3518 etiam
880 3464 981 3531 Πονη-
1018 3468 1128 3532 brugun
1150 3468 1255 3530 publice
1279 3470 1458 3534 montiscurte
1489 3485 1549 3524 cere
1580 3473 1667 3524 οίίουο

330 3546 469 3623 pusulae,
505 3544 625 3600 Audies
651 3543 753 3610 πόλις,
781 3549 807 3598 et
830 3557 846 3595 a
869 3549 923 3598 sliu
952 3546 980 3594 in
1019 3560 1199 3612 oppressurum
1217 3548 1270 3600 Sal.
1290 3549 1411 3617 Cet-niti.
1447 3549 1502 3602 Cir.
1515 3551 1568 3604 iiic
1580 3551 1625 3613 61,
1637 3553 1665 3604 a.

330 3629 414 3682 tribus
441 3630 537 3681 montis
567 3625 747 3680 cacuminibus
774 3624 845 3686 apud
872 3626 980 3676 Laiisue
1018 3627 1052 3680 de
1070 3627 1219 3680 Britennisr
1237 3623 1392 3696 ὁΣενέκος
1402 3629 1499 3695 χιλίας
1516 3633 1604 3696 σφίσι
1615 3648 1668 3699 μυ·

331 3715 410 3764 etiem
423 3707 706 3776 Trimontium,bcdle
719 3709 874 3759 etiamnunc
883 3705 981 3768 Phiiip-
1018 3703 1121 3781 ρισὶοσς
1146 3705 1370 3772 (quadringenties
1396 3711 1431 3760 ii.
1459 3707 1500 3776 5.)
1539 3705 1667 3764 ἄκουσιν

327 3793 420 3858 populi
436 3791 478 3846 rel
496 3794 619 3851 corrupte
636 3787 735 3840 Feiibs.
1018 3786 1065 3839 ἐπὶ
1088 3794 1230 3860 χρηστοῖς
1259 3787 1356 3842 ἐλπίσι
1383 3785 1481 3842 τόκων
1512 3787 1666 3856 δανείσας,

1018 3861 1232 3940 ixees'ditpo'ug
1251 3884 1283 3921 se
1303 3864 1367 3936 ἅμα
1394 3870 1445 3922 καί
1462 3869 1566 3935 βιαίως
1594 3872 1667 3924 elui·

333 3987 336 3994 .
364 3952 409 4003 66.
439 3945 558 4013 Vellaeo]
578 3947 623 3998 sie
641 3946 747 4007 codem
776 3945 921 3998 Beroaldus
938 3943 980 3997 sel
1018 3961 1167 4014 specues·
1186 3961 1255 4012 quse
1273 3952 1336 4002 tum
1355 3948 1405 4001 init
1423 3950 1450 3999 in
1469 3949 1607 4003 seditionis
1623 3965 1667 4004 ec·

331 4045 420 4088 errore
432 4032 474 4085 rel
485 4043 534 4082 suo
547 4027 676 4082 arbitratu
688 4026 763 4080 dedii
778 4025 887 4088 Veiietu,
907 4024 979 4090 quud
1018 4039 1076 4076 rum
1088 4030 1184 4080 musis.
1202 4053 1231 4067 -
1250 4029 1321 4081 bonu
1331 4025 1417 4094 tuctu]
1436 4033 1506 4083 ister
1525 4032 1666 4085 auxiliares

331 4115 440 4166 retinuit
457 4111 610 4162 Oberiinus.
647 4107 682 4158 rii
705 4113 796 4172 gentes
822 4107 929 4160 Veiiuea
953 4113 980 4157 ei
1017 4107 1255 4160 Romanorum-
1273 4106 1377 4172 σίυίίον]
1396 4109 1430 4162 ab
1441 4109 1576 4176 Auguste,
1594 4112 1666 4164 unde

331 4194 430 4246 Velleio
448 4192 645 4254 distinguuntur
663 4191 743 4240 etiam
757 4191 783 4240 in
795 4187 892 4238 lnecrr.
912 4185 979 4237 Vide
1017 4187 1103 4239 iulius
1121 4195 1253 4254 uterque,
1278 4193 1342 4242 item
1366 4190 1449 4242 iulius
1467 4191 1550 4244 indus
1568 4191 1599 4243 C·
1619 4192 1664 4243 46.

330 4273 578 4326 tiruieriicdicem.
616 4267 865 4321 Meienunnnliide
880 4267 979 4318 Velleio
1020 4290 1050 4302 -
1069 4282 1129 4318 esses
1144 4269 1176 4319 id
1191 4266 1301 4333 rurum]
1327 4283 1381 4322 non
1399 4275 1431 4321 ui
1448 4284 1538 4332 nune,
1567 4274 1664 4336 iconii,

329 4356 457 4416 scripture
483 4352 608 4402 historico
636 4350 798 4412 cogitarunt,
832 4349 873 4398 cui
908 4352 979 4398 certe
1018 4348 1138 4401 crebrum
1166 4361 1197 4401 ae
1215 4361 1298 4411 prope
1318 4353 1508 4412 promiscuum.
1535 4375 1570 4388 -
1599 4365 1666 4403 euss-

328 4434 456 4485 Priscian.
488 4432 519 4483 L.
553 4429 580 4480 6.
613 4440 639 4490 p.
667 4427 730 4477 iiiii.
757 4427 789 4478 P.
817 4438 979 4489 praenomen
1015 4426 1126 4492 poem]
1146 4435 1176 4480 ui
1194 4428 1402 4489 συντίθεσθαι,
1426 4435 1496 4484 intes
1519 4446 1547 4484 se
1566 4435 1667 4484 consti·

328 4513 419 4566 Murci
437 4511 547 4571 tribuli,
575 4520 628 4560 non
654 4506 751 4557 Publii.
779 4531 808 4544 -
839 4508 980 4557 exereitum
1017 4514 1105 4570 luunt,
1124 4513 1303 4571 paciscuntur.
1329 4510 1488 4573 luireuuens
1504 4515 1665 4564 constructio

326 4589 514 4659 praesidebat]
540 4590 626 4651 Saepe
645 4587 694 4638 bec
712 4590 907 4640 constructione
927 4590 979 4638 nii·
1017 4588 1340 4644 rerbicuminiiniiirc.-
1353 4590 1541 4657 conciliabulo]
1554 4593 1665 4647 concilis

329 4680 390 4736 tur,
410 4682 440 4727 ui
456 4673 489 4735 4,
508 4673 535 4724 5.
556 4675 583 4722 et
599 4669 643 4720 ie.
663 4668 714 4726 is,
733 4667 793 4730 iis,
815 4667 892 4730 plene
912 4666 980 4720 toret
1017 4667 1177 4721 clandestina
1196 4675 1223 4721 et
1239 4671 1346 4731 illicite,
1366 4684 1414 4734 per
1432 4673 1523 4726 domus
1543 4675 1664 4738 prississ.

329 4757 366 4807 ud
379 4756 419 4806 sei
430 4753 503 4818 apud
515 4750 707 4810 ecercbempr.
719 4745 918 4811 -uiusiusllii
932 4761 979 4810 up·
1016 4749 1096 4807 illibi,
1117 4749 1164 4800 ubi
1183 4750 1358 4802 σοσοίίίοίνυίο
1375 4755 1523 4818 iunguntur
1541 4767 1602 4805 cum
1620 4767 1666 4816 cp-

330 4841 465 4898 ponuntur
483 4833 606 4884 itomanis
633 4833 688 4880 sire
715 4827 863 4891 legionariis
882 4830 979 4892 equiti·
1017 4829 1106 4893 pidis‚
1134 4832 1216 4886 sicis,
1246 4831 1375 4892 castellis,
1401 4835 1566 4898 signiticatur
1581 4846 1663 4899 genus

329 4915 380 4966 bus
398 4929 413 4966 a
430 4914 504 4965 Listu
522 4911 574 4972 46,
593 4908 645 4963 itis
673 4907 755 4958 tiliit'i't
772 4908 888 4970 specu,
906 4915 980 4971 post·
1017 4913 1087 4970 sici,
1122 4914 1153 4960 ut
1179 4912 1208 4962 ln
1232 4910 1327 4963 Tabai.
1355 4911 1459 4965 Pleraei.
1485 4914 1532 4966 iin.
1551 4913 1579 4965 6.
1599 4916 1663 4965 Aer.

330 5007 411 5060 pssum
427 4993 608 5044 humanorum
631 4989 746 5052 spetiem
772 4994 829 5038 turis
850 5001 980 5040 memore-
1017 4990 1210 5043 hnxasdnscr.
1224 5003 1260 5040 m.
1271 4991 1329 5043 bat.
1342 4991 1464 5044 164646.
1479 4993 1575 5047 Paulus
1588 4994 1662 5046 Seni.

331 5074 379 5126 biis
408 5075 512 5139 [miuus
544 5071 639 5122 diere
672 5068 725 5121 Gir.
745 5065 795 5130 65,
822 5069 849 5119 5.
896 5068 979 5120 lirani
1015 5069 1048 5131 4,
1067 5070 1141 5130 m.
1177 5069 1229 5121 sed
1248 5071 1291 5121 bic
1308 5072 1447 5125 manitestu
1465 5075 1659 5138 accipiendum,

332 5159 423 5219 tuque
441 5151 579 5206 auxiliares
597 5164 612 5204 e
630 5151 719 5202 suciis.
756 5147 979 5203 Fieebssrsiiersi
1015 5156 1046 5203 ut
1063 5156 1104 5203 est
1121 5153 1150 5203 ia
1169 5148 1235 5202 Ged.
1255 5149 1358 5204 Theud.
1376 5153 1427 5218 16,
1444 5151 1478 5216 6,
1497 5155 1532 5206 tr
1556 5155 1581 5205 si
1603 5154 1663 5219 peis
