3734 5917
333 557 370 612 ri

333 721 376 772 ex
397 704 531 794 ingenio
553 703 693 776 Victorii
715 702 908 793 proiectae,
938 721 1021 790 qaas
1050 703 1107 769 ille
1135 722 1157 769 a
1177 702 1355 769 collatione
1382 702 1457 768 libri
1477 702 1663 770 Florentlnl

331 817 483 884 dlstlnxlt
497 819 700 904 praeposito
725 835 744 884 c
765 808 943 901 (horreat,
964 806 1128 902 corrtpe).
1155 812 1260 896 Quam
1282 814 1532 902 diligentissime
1552 818 1662 882 autem

330 929 400 996 lieri
423 931 549 1014 potuit,
570 930 711 996 Victorii
732 933 832 995 notas
851 929 1019 1016 expressi,
1039 947 1083 993 ne
1104 929 1242 994 minimis
1264 926 1392 1013 quidem
1416 929 1597 994 omissis.»

413 1042 525 1110 Probe
545 1061 627 1132 ergo
647 1040 824 1108 tenendam
846 1042 1027 1109 Victoriam
1053 1036 1134 1108 (lod.
1156 1043 1184 1106 l.
1204 1060 1270 1106 non
1295 1041 1494 1120 contulisse,
1514 1040 1662 1107 tortasse

329 1173 494 1241 nunquam
515 1154 652 1221 vidisse·
696 1154 746 1220 nt
767 1158 905 1242 propter
921 1157 1062 1221 omnium
1079 1154 1192 1220 harum
1208 1155 1418 1220 collationum
1435 1153 1660 1219 diversitatem

328 1267 417 1336 lraud
431 1268 672 1353 infrequentem
683 1271 723 1333 et
736 1273 874 1353 propter
888 1270 1053 1334 silentium
1068 1265 1163 1332 modo
1181 1265 1363 1339 pinnense,
1380 1264 1475 1332 modo
1489 1265 1660 1337 Gronovil

327 1380 425 1447 modo
450 1380 505 1446 del
530 1381 652 1446 Furiae
681 1384 716 1444 et
743 1380 946 1448 andoali.
969 1382 1108 1447 maxime
1131 1380 1271 1446 Victorii
1293 1382 1417 1447 iactum
1440 1383 1512 1462 eat,
1545 1381 1582 1444 at
1605 1379 1661 1444 vel

327 1498 406 1582 post
424 1491 593 1560 Wattheri
615 1511 655 1560 aa
676 1489 824 1559 Bekkerl
845 1491 1025 1583 diligentes
1055 1500 1154 1561 curas
1175 1492 1283 1560 adhue
1304 1494 1394 1558 nullo
1417 1497 1510 1560 certo
1537 1489 1661 1556 tunda-

246 1587 252 1602 '
326 1609 436 1673 mento
460 1609 637 1680 niteretur,
660 1604 720 1671 sed
735 1604 907 1671 admodum
926 1604 1102 1673 llaotaaret
1125 1609 1197 1670 tota
1221 1604 1329 1672 Taciti
1353 1607 1470 1675 critica
1492 1605 1659 1671 tractatio.

325 1717 491 1801 Quocirca
515 1737 617 1803 saepe
642 1718 705 1783 iarn
733 1737 753 1783 a
787 1717 966 1805 philologis
986 1717 1208 1785 desideratum
1241 1721 1310 1799 est,
1345 1721 1383 1782 ut
1410 1736 1501 1784 nova
1526 1718 1659 1784 collatio

324 1850 419 1918 quarn
438 1831 686 1899 accuratissima
701 1833 946 1919 institueretur,
969 1849 1054 1915 quae
1071 1832 1215 1916 priorum
1235 1831 1318 1896 vitia
1335 1832 1536 1921 corrigeret,
1558 1829 1662 1898 umis-

322 1947 434 2010 siones
454 1943 643 2031 suppleret,
672 1946 865 2029 perpetuam
887 1943 1048 2010 rationem
1075 1946 1172 2009 eitam
1195 1944 1381 2030 scripturae
1403 1943 1558 2015 haberet;
1596 1961 1660 2029 quo

321 2055 455 2123 tandem
476 2057 510 2122 ln
535 2054 598 2122 hac
620 2055 737 2122 saltem
759 2058 856 2141 parte
877 2054 1103 2142 diplomatica,
1133 2075 1228 2144 quam
1255 2076 1342 2123 nunc
1363 2055 1494 2136 dieunt,
1522 2056 1662 2142 acquie-

320 2187 415 2238 scere
434 2170 552 2237 liceret
570 2187 676 2252 neque
698 2169 763 2235 iam
783 2171 928 2236 restaret
951 2171 1015 2236 nisi
1037 2171 1291 2252 coniecturalis,
1327 2170 1380 2234 cai
1400 2187 1484 2236 sane
1504 2171 1602 2237 etiam
1626 2169 1661 2232 ln

319 2287 489 2370 posterum
510 2300 652 2372 magnus
674 2284 738 2346 erit
759 2299 903 2370 campus.
1293 2362 1297 2370 ι

403 2396 473 2463 lam
495 2391 584 2482 quod
606 2395 759 2480 permulti
783 2397 957 2480 optarant,
982 2413 1048 2484 ego
1070 2413 1130 2480 pro
1153 2394 1240 2458 virili
1261 2399 1357 2478 parte
1381 2395 1517 2482 exsequi
1538 2393 1660 2479 statui,

294 2563 299 2592 ,
320 2527 384 2596 quo
403 2510 438 2573 in
455 2508 595 2576 consilio
615 2509 754 2598 egregie
775 2505 908 2574 adiutus
932 2526 1004 2573 sam
1025 2507 1148 2572 auxilio
1175 2507 1286 2592 optimi
1309 2508 1426 2591 amici,
1448 2509 1502 2574 cui
1524 2508 1660 2591 praeci-

320 2639 400 2709 pae,
423 2617 580 2706 ququaid
600 2619 678 2686 boni
695 2623 781 2686 inest
798 2640 907 2686 novae
926 2619 1003 2688 lruic
1020 2635 1136 2707 carae,
1159 2617 1327 2686 debebunt
1347 2621 1502 2687 lectores.
1527 2619 1659 2686 Etenim

318 2731 559 2799 honestissimis
581 2731 846 2819 redemptoribus
872 2736 1023 2819 sumptus
1053 2731 1143 2800 haud
1169 2733 1311 2822 exiguos
1329 2733 1558 2798 liberalissime
1576 2733 1661 2799 sub-

318 2845 597 2932 ministrantibus,
612 2846 660 2912 Io.
677 2845 844 2936 Georgius
861 2845 1033 2934 Baiteras,
1049 2846 1181 2936 collega
1200 2864 1305 2938 meas,
1324 2847 1421 2910 annia
1433 2845 1662 2928 superioribus

318 2958 371 3025 bis
389 2957 591 3025 Florentiam
618 2959 790 3043 proiectus
815 2961 924 3045 ibique
945 2977 966 3023 a
988 2957 1029 3024 V.
1046 2954 1083 3025 0.
1105 2957 1287 3024 Francisoo
1311 2956 1366 3023 del
1392 2957 1494 3024 Furia
1516 2958 1660 3046 benigne

320 3075 499 3158 exceptus,
521 3067 675 3138 Codicem
690 3076 862 3156 atrumque
880 3069 1068 3137 Mediceum
1088 3071 1195 3136 denuo
1211 3071 1376 3155 excussit,
1397 3072 1526 3160 ingenti
1544 3071 1660 3138 labore

318 3185 514 3271 praesertim
541 3185 574 3250 in
597 3182 793 3252 extricando
815 3182 1004 3249 difficillima
1027 3185 1083 3248 illa
1104 3186 1270 3268 scriptura
1298 3182 1556 3274 langobardica
1579 3180 1661 3250 Cod.

319 3297 420 3364 liet
443 3294 643 3388 indagandis
672 3297 854 3362 litterarum
878 3295 1092 3387 evanidarum
1115 3299 1270 3383 vestigiis
1291 3294 1476 3388 exhausto,
1511 3315 1552 3365 ac
1569 3316 1662 3363 sem.

320 3430 381 3497 per
399 3411 600 3495 conoparatis
619 3409 706 3474 inter
722 3428 759 3474 se
776 3407 944 3474 Waltlrerl
964 3411 998 3473 et
1024 3407 1079 3473 del
1099 3410 1221 3476 Furiae
1240 3411 1452 3488 testimoniis,
1484 3413 1659 3497 antequam

320 3521 454 3592 codices
474 3524 566 3608 ipsos
587 3523 800 3589 examinaret.
850 3518 924 3602 Quo
947 3523 1057 3587 autem
1078 3542 1134 3588 res
1154 3523 1257 3589 semel
1278 3524 1522 3612 transigeretur
1548 3540 1657 3611 neque

320 3634 529 3725 postmodun
561 3653 692 3700 moroso
725 3635 823 3701 alicui
854 3635 1042 3700 cavillatori
1074 3636 1168 3703 locas
1198 3637 1287 3702 toret
1316 3643 1454 3722 propter
1475 3636 1662 3705 levissimas

323 3748 480 3838 quasdam
499 3749 694 3814 omissiones
716 3749 817 3811 totam
836 3764 948 3812 curam
966 3750 1076 3835 inique
1098 3748 1314 3815 addubitandl
1334 3753 1435 3836 atque
1456 3747 1661 3844 exagitandi,

324 3867 452 3948 quoque
478 3861 573 3926 simul
595 3863 666 3925 tota
687 3861 874 3945 scripturae
905 3863 993 3926 ratio
1025 3861 1125 3929 valde
1155 3881 1238 3930 sane
1268 3861 1434 3931 tiuctuana
1465 3864 1661 3950 praesertim

324 3977 358 4039 in
400 3971 691 4039 assimilationibas
733 3975 986 4040 consonantium
1031 3979 1177 4067 llantur,
1221 3981 1363 4066 troitus,
1408 3997 1450 4046 ac
1485 3976 1662 4064 similibus,

324 4087 528 4177 singularum
559 4086 743 4151 litterarum
776 4089 890 4171 apices
925 4088 1062 4153 strenue
1095 4093 1325 4173 perscrutatus
1350 4095 1414 4157 est.
1469 4089 1546 4180 Ego
1576 4107 1660 4156 vero

324 4200 478 4290 religioni
514 4196 615 4264 habui
642 4198 774 4264 silentio
804 4201 987 4284 praeterire
1025 4201 1081 4266 vel
1114 4220 1211 4268 unam
1254 4204 1433 4270 litterulam
1468 4204 1511 4270 ab
1552 4203 1659 4271 amieo

325 4316 503 4381 enotatam.
544 4312 624 4397 ipse
644 4314 756 4377 tamen
770 4312 885 4378 merito
902 4311 946 4378 ad
960 4313 1226 4402 investigandam
1241 4317 1374 4402 primam
1391 4317 1516 4383 librarii
1531 4335 1660 4385 manum

325 4426 564 4492 attentissimus
585 4425 776 4510 pierumque
804 4426 910 4490 naluit
939 4443 1121 4512 excerpere
1150 4430 1248 4494 etiam
1276 4431 1521 4497 recentissimas
1542 4447 1661 4498 corre-

326 4539 455 4608 ctiones
475 4535 632 4604 Beroaldi
666 4538 867 4625 aliorumque
898 4538 1046 4606 sortasse
1077 4559 1175 4606 mana
1208 4544 1325 4626 partim
1355 4545 1510 4612 versibus
1537 4561 1660 4631 auper-

325 4653 472 4738 scriptas
493 4652 611 4735 partin
631 4650 667 4716 ln
688 4652 837 4739 margine
858 4649 1007 4740 addit-as,
1028 4671 1102 4719 nam
1124 4655 1152 4720 sl
1175 4653 1252 4740 quid
1274 4656 1351 4722 boni
1373 4657 1550 4745 praebent,
1573 4657 1660 4723 lam-

327 4762 449 4830 dudam
468 4766 570 4828 notae
591 4763 669 4828 sunt
691 4766 725 4828 et
746 4763 851 4828 tabas
871 4765 1039 4831 cumulare
1059 4765 1141 4831 nllril
1162 4786 1300 4852 prorsus
1320 4771 1494 4839 attinebat.

412 4875 594 4945 Praeterea
607 4875 784 4942 nonnullas
798 4877 957 4966 egregias
970 4880 1180 4947 coniecturas
1194 4883 1299 4950 amico
1313 4882 1436 4975 debeo,
1452 4885 1506 4973 qui
1520 4885 1658 4972 insuper

326 4993 495 5061 strenuam
517 5006 650 5081 operam
670 4987 845 5074 insumpsit
866 4990 900 5055 in
921 4991 1122 5078 corrigenda
1141 5013 1267 5064 mecum
1295 5016 1469 5084 operarum
1501 5001 1659 5085 pericula.

412 5102 524 5174 aaron
543 5101 622 5172 Kal.
640 5099 744 5170 Maiis
763 5101 814 5170 lli
834 5098 960 5172 DCCC.
980 5101 1105 5174 XLVI.

841 5209 859 5250 a:

982 5260 1001 5298 ’ὰ

1123 5216 1142 5254 it
