3734 5917
305 627 449 715 teolani,
470 631 537 696 inm
559 629 614 698 lrie
634 630 742 700 eodex
765 635 798 700 et
820 635 875 700 alil
890 651 968 700 mox
982 633 1182 702 memorandi
1195 633 1372 702 linxerunt.
1413 633 1525 704 Aetna
1543 627 1638 702 risu

305 736 460 810 Vutlenni
485 737 601 812 1956.
627 745 662 812 in
692 746 765 814 illul
793 745 857 814 llne
879 746 931 814 liis
952 749 1066 816 verbio
1086 767 1249 834 expressa
1267 753 1337 816 eet:
1376 744 1443 816 «st
1466 753 1637 839 munium

305 853 386 926 litu
416 856 640 942 deeodpaerit
669 878 816 950 aeonum,
852 865 945 928 reiut
971 880 1025 928 me
1055 867 1222 952 maritum
1247 867 1384 949 repperi
1409 860 1562 948 fideliter
1590 860 1635 926 ni

305 969 462 1060 exemplo
485 974 765 1063 troruooipeirae,
798 973 887 1064 meod
906 977 999 1040 inter
1018 979 1154 1057 cetero,
1185 976 1229 1042 de
1253 973 1373 1065 quidm
1398 978 1529 1064 amur,
1564 991 1636 1042 uon

304 1085 358 1150 eet
378 1101 486 1166 euque
505 1089 693 1172 pessimum
711 1103 819 1177 neque
839 1087 1147 1155 mendosissimum.
1195 1085 1295 1160 Τέλος
1316 1081 1388 1175 θεῷ
1412 1075 1532 1164 Χάρις.
1566 1083 1635 1152 Dte

303 1197 607 1282 septimodecimo
639 1193 796 1266 Oetooru
828 1198 872 1265 nl
906 1204 987 1268 ortu
1016 1197 1218 1269 Solontoria
1250 1205 1362 1268 teoatri
1392 1198 1522 1267 domiui
1552 1195 1635 1264 Ieau

305 1303 439 1376 olmeto
461 1328 553 1376 αιιιιο
575 1301 818 1380 dccccxi.
826 1308 941 1380 Villi.
968 1308 1115 1382 Geroune
1134 1315 1249 1403 pridie
1268 1311 1402 1401 fertum
1419 1312 1492 1380 diei
1514 1309 1634 1380 mnae

303 1417 583 1510 Eontruelietne.»

389 1531 424 1602 9.
447 1535 669 1602 Vaticanus
692 1530 950 1604 2965116110
972 1542 1158 1627 reeenilor,
1178 1557 1221 1606 ex
1242 1537 1356 1605 eodem
1369 1533 1449 1604 MS.
1464 1534 1634 1604 Geuuenal

303 1645 507 1734 descriptus,
530 1666 636 1734 neque
658 1651 942 1736 membranaceus,
964 1651 1025 1718 sed
1047 1652 1254 1720 chartaceus.

386 1760 429 1826 lll
451 1765 530 1827 aunt
551 1765 708 1846 quattuor
728 1762 947 1852 Vntloenl,
970 1782 1054 1848 quos
1067 1765 1242 1831 Broterlue
1264 1765 1434 1852 excussit,
1453 1761 1514 1832 aed
1529 1763 1637 1835 minua

303 1871 498 1962 diligenter,
527 1892 621 1960 quom
643 1874 822 1962 optandum
846 1879 936 1944 oret:
966 1895 1039 1944 nau
1061 1878 1211 1944 omnibus
1233 1895 1359 1964 poene,
1388 1878 1443 1963 qui
1465 1896 1541 1942 mox
1561 1895 1634 1942 are-

302 1987 533 2076 morabuntur,
561 1987 771 2072 praeferendi
792 1993 880 2056 eunt.
920 1990 1107 2058 Nonnullae
1128 2009 1258 2078 quoque
1279 1988 1426 2058 codicum
1448 1988 1634 2058 Vatleeuu·

301 2116 372 2164 ruru
394 2099 556 2168 leettonea
578 2098 742 2170 dederuut
755 2102 888 2186 11ριίιιι
910 2107 945 2168 et
960 2102 1176 2186 Vertrauiue,
1195 2121 1355 2189 nunonem
1370 2120 1452 2170 vero
1468 2100 1637 2184 dixerunt,

301 2216 409 2280 utrum
430 2211 527 2281 iidem
549 2216 584 2280 et
606 2215 735 2301 quinum
757 2233 800 2281 ex
822 2213 874 2281 hle
894 2233 939 2282 an
960 2216 1014 2282 elit
1037 2216 1171 2282 inerint.

357 2350 530 2424 lo-le.
557 2354 661 2422 'l'res
683 2353 945 2424 exonienses
966 2375 1016 2422 ex
1038 2354 1120 2425 MS.
1141 2355 1350 2425 Geuuenei
1372 2353 1590 2440 daaerlpilz

387 2466 447 2535 10.
470 2469 723 2536 Harlelunua
744 2488 773 2535 ιι.
798 2467 933 2536 1452.
958 2468 982 2543 ¹)

387 2580 448 2652 ll.
471 2583 652 2668 Collegit
674 2582 769 2649 lesu
790 2600 820 2648 a.
845 2581 979 2649 14511.

386 2692 446 2762 12.
469 2689 934 2763 Bodlelonusa.1463.
962 2697 1124 2782 scriptun,
1154 2693 1242 2781 quod
1271 2697 1365 2780 patet
1394 2711 1437 2760 ex
1459 2693 1564 2779 uotis,
1598 2696 1633 2759 et

301 2807 430 2894 quidem
452 2810 485 2873 in
508 2808 600 2873 llurl.
623 2807 664 2874 nd
687 2809 729 2874 Η.
751 2805 795 2893 3,
817 2805 886 2875 34:
909 2807 1025 2875 Hodie
1044 2812 1162 2874 nutem
1183 2808 1227 2873 ob
1249 2813 1329 2874 ortu
1352 2802 1531 2875 creatoris
1549 2811 1634 2874 enm

300 2926 387 2989 arreti
409 2915 677 3009 1110000111,
700 2922 733 2986 iu
752 2916 831 2988 MS.
846 2918 927 2988 coll.
943 2922 1022 2987 Ieau
1043 2921 1086 2988 ad
1101 2921 1142 2986 11.
1164 2919 1206 3005 3,
1219 2917 1289 2987 34:
1315 2917 1426 2986 Hodie
1449 2924 1568 2986 nutem
1588 2920 1634 2986 ab

300 3039 379 3101 ortu
402 3028 581 3100 creatoris
601 3038 685 3100 euru
704 3038 791 3100 nturi
811 3029 1141 3121 11θο0011111,
1170 3034 1203 3098 in
1224 3032 1319 3097 Bodl.
1338 3031 1381 3098 nd
1407 3032 1550 3118 ealeern,
1576 3032 1634 3098 uli

300 3145 414 3214 endem
437 3147 595 3236 leguntur
615 3146 737 3234 verbu,
758 3166 843 3233 quue
865 3165 908 3214 ex
930 3145 1039 3214 Vetle.
1062 3141 1177 3214 1958.
1197 3163 1298 3231 aupru
1319 3143 1495 3230 adscripsi.

382 3258 514 3325 Multae
535 3259 697 3326 lectiones
718 3256 797 3326 MS.
819 3260 901 3326 Coll.
922 3261 1002 3326 lesu
1022 3277 1043 3326 ιι
1064 3258 1188 3326 incolo
1210 3258 1381 3327 Gronovlo
1404 3261 1439 3324 et
1457 3255 1633 3323 Bodloinnl

258 3364 261 3373 '
298 3374 341 3439 ab
370 3370 562 3439 Abmhamo
591 3369 763 3439 Gronovlo
798 3377 979 3458 excerptae
1006 3376 1041 3438 et
1072 3371 1271 3438 editionibus
1306 3370 1355 3436 lo.
1382 3371 1438 3436 lir.
1468 3369 1631 3438 Gronovll

302 3481 415 3594 1672.
444 3489 479 3552 et
499 3487 567 3553 lue.
589 3484 751 3554 Gronovll
774 3484 861 3550 Trnl.
884 3479 1330 3565 Bat.1721.sublunciue,
1360 3484 1472 3568 plures
1492 3501 1574 3549 vero
1597 3486 1630 3548 et

299 3601 394 3666 trluru
417 3595 522 3667 MSS.
544 3617 564 3664 u
586 3595 741 3666 Samuele
760 3597 961 3684 Musgruvlo
983 3600 1139 3663 enotatne
1161 3599 1196 3661 et
1216 3596 1371 3661 Broterio
1395 3593 1553 3679 traditae,
1576 3599 1631 3681 qul

298 3731 356 3778 ens
370 3713 603 3778 commentario
615 3732 675 3778 suo
688 3713 835 3780 inseruit.
868 3711 923 3776 An
939 3707 1237 3776 veroliodleianue
1246 3707 1409 3776 Gronovli
1424 3708 1523 3773 tuerit
1536 3707 1632 3797 idern,
1756 3713 1760 3722 '

299 3827 353 3911 qul
368 3823 530 3905 Broterii,
553 3823 705 3890 dubiture
721 3826 831 3910 possis
845 3826 983 3910 propter
1003 3824 1144 3908 utiquam
1158 3826 1390 3906 excerptorum
1405 3820 1631 3888 differentiam.

655 3935 824 4004 13-15.
866 3936 970 4002 'l'rea
998 3935 1276 4001 Purislenees.

383 4048 444 4118 13.
473 4051 639 4139 Regius
660 4067 719 4116 seu
742 4051 890 4134 regiae
912 4046 1215 4116 Bibliothecae
1235 4046 1505 4132 Pariaieuala,
1529 4045 1633 4114 eher-

297 4170 413 4234 tueeua
441 4168 475 4231 et
508 4160 585 4230 See.
616 4161 692 4229 XV.
722 4167 866 4228 exeunte
896 4161 1060 4246 scriptus,
1091 4159 1151 4226 sed
1184 4162 1329 4226 melioria
1359 4163 1460 4226 notae
1489 4161 1525 4224 et
1558 4177 1630 4225 eum

297 4277 496 4344 editionibus
525 4277 667 4344 collatus
695 4295 715 4342 ιι
746 4273 892 4360 llyelrlo,
926 4272 1158 4362 ballemoudo,
1192 4273 1386 4340 liuttevilllo
1408 4278 1444 4338 et
1465 4272 1632 4339 Breierlo.

297 4391 472 4457 Conaeuttt
499 4390 690 4474 plerumque
719 4407 791 4455 eum
820 4386 966 4454 editione
994 4383 1083 4470 Splr.
1112 4391 1146 4452 et
1175 4405 1218 4452 ex
1240 4385 1355 4452 eodena
1378 4385 1473 4452 toute
1494 4383 1632 4452 iuuisse

296 4503 438 4570 videtur.
481 4502 659 4586 luserlptlo
691 4503 761 4566 elus
794 4505 866 4566 est:
914 4495 955 4564 0.
991 4495 1192 4566 Cornelii
1220 4497 1373 4566 l'oeiti
1403 4495 1632 4565 Historiei

296 4617 491 4685 illustria
524 4611 667 4680 XXX.
701 4613 936 4703 tetrorum,
971 4632 1071 4695 quoa
1096 4613 1259 4700 edidit,
1281 4609 1542 4699 fraumenta
1565 4617 1632 4677 iu·

297 4733 476 4816 cipiunt.
512 4753 552 4766 -
598 4723 909 4791 Bibliothecae
946 4723 1110 4813 lieoioe
1144 4725 1311 4791 obtulit
1349 4719 1541 4792 Carolus
1578 4724 1633 4790 du

296 4841 483 4928 Freeue,
509 4838 718 4906 dominns
741 4839 797 4904 du
823 4832 987 4927 Caorye,
1019 4859 1051 4903 a.
1078 4833 1203 4903 1682.

366 5051 392 5120 1)
419 5054 485 5107 cum
510 5053 680 5116 lnaerlntione
702 5053 827 5104 tatem
852 5050 1017 5104 dumam
1046 5049 1183 5116 Anaua·
1202 5051 1341 5108 Hirtam
1363 5051 1442 5107 liter
1466 5048 1628 5104 Xi-Xxi.

295 5146 330 5204 11.
348 5145 430 5204 iiiii.
446 5146 475 5202 iu
492 5144 616 5213 catalom
632 5140 702 5198 ltili.
722 5139 880 5200 Multum
896 5139 933 5194 ii.
952 5153 979 5206 i·
997 5141 1062 5194 iti.
1097 5141 1151 5194 oa.
