3734 5917
468 1254 547 1344 10.
581 1253 902 1346 consumitis
939 1253 1201 1346 ciiiihhii

637 1457 1046 1541 PRAEFATIO.

253 1895 347 1970 Satis
382 1921 470 1970 nune
511 1903 600 1970 inter
642 1903 778 1970 criticos
817 1907 951 1971 constat
988 1903 1023 1969 in
1056 1901 1165 1970 'lactti
1199 1901 1379 1970 Annalium
1411 1900 1506 1970 libris

172 2033 230 2080 sex
252 2015 418 2101 prioribus
438 2017 566 2082 unicam
589 2035 666 2083 ease
683 2017 914 2084 auctoritatem
930 2010 1065 2083 Codicis
1077 2010 1226 2084 Medicel
1240 2015 1329 2084 Plut.
1342 2013 1504 2082 LXVIII.

173 2127 217 2216 i.,
247 2129 280 2193 tn
303 2129 542 2215 posterioribus
563 2134 598 2195 et
620 2131 652 2194 ln
675 2129 833 2196 llistoriis
855 2128 989 2198 Codicis
1010 2128 1155 2196 ciusdem
1177 2103 1281 2216 plutei
1302 2130 1370 2218 ii,
1392 2146 1506 2195 omncs

172 2259 252 2306 vero
274 2243 424 2329 ceteros,
451 2243 505 2328 qui
527 2239 705 2308 Annalium
727 2242 765 2309 L.
785 2239 988 2310 Xl-XVI.
1008 2247 1109 2330 atque
1131 2243 1300 2311 Bistonas
1321 2243 1506 2327 continent,

173 2372 214 2421 ex
242 2352 306 2421 boc
334 2357 408 2440 ipso
438 2373 499 2441 per
529 2356 644 2421 varios
671 2356 777 2422 veluti
804 2357 897 2422 rivos
925 2375 1001 2424 csse
1029 2354 1209 2444 deductos,
1245 2357 1293 2423 lta
1323 2359 1362 2421 ut
1393 2374 1507 2422 corum

172 2467 332 2533 lectiones
352 2467 524 2534 variantes
546 2487 607 2554 pro
630 2470 830 2536 coniecturis
851 2469 1032 2552 interdum,
1052 2467 1113 2537 sed
1135 2490 1230 2554 raro,
1252 2469 1422 2558 felicibus,
1443 2488 1506 2556 pro

172 2579 483 2667 interpolationibus
494 2582 695 2664 arbitraris,
716 2601 778 2668 pro
793 2585 892 2650 meris
905 2582 1047 2670 deniquo
1058 2585 1227 2650 erroribus
1240 2581 1414 2650 habendae
1430 2583 1508 2648 sint.

256 2693 304 2760 At
325 2713 408 2760 vero
429 2713 525 2762 nemo
547 2699 626 2761 ante
648 2714 710 2760 nos
731 2714 812 2761 usus
833 2702 906 2762 erut
928 2695 1053 2765 codice
1073 2695 1167 2763 Med.
1187 2697 1231 2786 1.,
1252 2696 1315 2761 nisi
1332 2693 1508 2781 Philippus

171 2803 357 2872 Beroaldus
378 2808 504 2898 iunior,
526 2808 662 2874 Curtius
681 2806 845 2898 Plchena,
865 2808 1012 2876 Iacobus
1033 2806 1225 2877 Gronovius
1239 2801 1279 2897 ¹),
1304 2808 1508 2875 Franciscus

172 2919 226 2986 del
250 2920 367 2993 Furla3
391 2918 514 2988 Codice
528 2919 574 2985 ii.
597 2922 694 2986 etiam
720 2919 842 2988 Petrus
868 2919 1051 3012 Victorius,
1085 2921 1127 2988 de
1147 2925 1242 2990 cutras
1259 2941 1340 2989 cura
1366 2924 1400 2986 in
1422 2940 1508 3012 gra-

171 3033 248 3099 tiam
278 3035 473 3120 pracsertim
510 3039 698 3103 exterorum
732 3036 904 3120 exscrtbo‚
940 3055 1024 3121 quae
1051 3034 1154 3102 tradit
1174 3034 1333 3102 Walther
1358 3034 1508 3103 Praeiat.

171 3167 203 3233 p.
224 3145 423 3216 XXXVll.:

258 3249 337 3326 oin
369 3259 571 3329 bibliotheca
599 3261 695 3352 regia
714 3260 914 3328 Monacensi
953 3260 1095 3328 babetur
1130 3263 1314 3347 exemplum
1352 3260 1508 3329 editionis

169 3371 412 3462 Beroaldlnae‚
435 3372 522 3462 quod
544 3372 707 3461 quondam
729 3374 793 3440 iuli
815 3373 913 3456 Petri
929 3375 1090 3460 Victorii,
1117 3368 1280 3461 incoque
1300 3375 1386 3441 libro
1407 3375 1507 3441 inve·

169 3488 261 3554 nitur
282 3488 416 3555 collatio
430 3486 563 3554 Codicis
578 3485 670 3554 Med.
684 3487 729 3554 ΙΙ.
750 3507 771 3554 a
793 3505 889 3554 manu
904 3487 1045 3555 Victorii
1068 3489 1204 3574 scripta.
1246 3489 1287 3555 ln
1309 3488 1372 3556 ine
1387 3487 1508 3554 Histo-

168 3603 292 3668 riarum
313 3602 471 3694 leguntur
491 3598 595 3668 baec:

252 3715 470 3808 «Recognovi
491 3733 564 3782 cum
578 3717 712 3782 vetusto
728 3715 909 3800 exemplari
927 3714 1050 3780 litteris
1063 3714 1296 3804 [langobardia
1316 3715 1442 3802 scripto
1463 3733 1507 3784 nc

170 3845 214 3896 ea
235 3826 365 3918 quidem
385 3831 421 3895 tn
442 3829 631 3897 conlatione
654 3830 808 3894 omittens
830 3845 915 3915 quae
930 3828 1089 3916 corrupta
1102 3828 1212 3914 aliquo
1226 3831 1327 3914 pacto
1342 3827 1508 3895 videban-

168 3945 244 4027 tur,
275 3963 318 4011 ne
345 3942 440 4012 locus
469 3943 682 4010 coniecturae
706 3937 919 4008 emendaturo
950 3939 1094 4007 deesset·
1136 3939 1201 4006 iist
1226 3945 1337 4008 autem
1358 3938 1508 4010 codexc

168 4053 252 4123 llivi
272 4052 383 4127 Marci
403 4054 614 4128 bibliotheca.
642 4053 833 4122 Florentiae
854 4051 1174 4122 Manilianas
1195 4054 1267 4120 Iun·

997 4166 1036 4234 P.
1071 4166 1378 4236 Victorius»

261 4312 383 4383 roiate
404 4314 447 4383 ab
468 4311 640 4380 undecimo
662 4311 747 4381 libro
762 4308 942 4378 Annalium
952 4309 1122 4377 Victorius
1142 4311 1340 4396 scripturam
1361 4310 1508 4380 Floren-

169 4430 278 4496 tinum
299 4428 341 4498 ab
362 4426 507 4496 editione
528 4424 687 4493 Beroaldi
707 4422 872 4490 diversam
894 4421 1050 4509 adposuit
1072 4423 1264 4510 plerumque
1285 4424 1321 4490 in
1340 4427 1505 4516 margine:

169 4541 349 4612 breviores
369 4543 571 4626 varietates,
592 4542 626 4607 et
647 4539 675 4604 si
698 4555 762 4624 qua
784 4557 850 4604 una
870 4537 1022 4603 alterave
1042 4536 1157 4602 littera
1177 4535 1353 4626 mutanda,
1377 4539 1413 4604 in
1432 4540 1508 4624 tpoo

171 4657 338 4724 contextu
358 4653 569 4746 aigrriiicavit.
611 4649 704 4734 Quae
726 4649 865 4718 deerant
886 4650 920 4715 tn
941 4647 1026 4718 Cod·
1048 4648 1260 4736 Florentino,
1290 4653 1408 4718 notata
1428 4655 1509 4718 sunt

170 4770 308 4838 lineolis
338 4768 395 4836 vel
422 4769 554 4854 punctis
580 4764 774 4852 suppositis.
815 4762 1042 4849 Reperiuntur
1071 4763 1171 4830 ettam
1202 4763 1509 4832 animadversiones

248 4986 274 5056 i)
294 4987 369 5054 Quas
387 4984 540 5038 Theodorus
558 4981 672 5050 Bpoliua
696 4981 772 5033 attari
798 4992 813 5032 c
837 4977 902 5031 Cod.
920 4976 995 5033 iisd.
1014 4977 1055 5042 1.‚
1087 4979 1220 5043 acceptata
1244 4979 1348 5034 ridetur
1372 4992 1389 5033 a
1409 4979 1508 5036 Iacobo

173 5081 327 5143 Grouorio,
351 5082 493 5142 uunquam
512 5073 561 5126 aiiii
582 5075 723 5125 amicitiam
741 5072 939 5130 renuntiarent:
967 5080 1027 5121 nam
1045 5072 1073 5124 iu
1090 5070 1215 5123 Editicua
1232 5083 1258 5122 a·
1278 5070 1316 5125 Μ.
1334 5070 1413 5126 DCC.
1432 5071 1508 5126 xxi·

170 5175 233 5230 iac.
254 5172 400 5225 Gronovius
424 5166 581 5233 piarumque
604 5150 658 5214 uoa'r
684 5163 741 5215 aina
764 5161 937 5225 despicientia
955 5160 1069 5225 quadam
1088 5171 1119 5213 ac
1136 5161 1269 5215 simultate
1285 5159 1377 5229 iipciii
1397 5165 1510 5217 mentis

169 5277 240 5320 nam
259 5261 339 5324 iacit3
357 5259 450 5315 merita
468 5257 542 5324 eiua,
561 5257 691 5324 quantun
708 5253 836 5318 nomini,
854 5263 991 5315 nuruum
1009 5255 1146 5306 memorat.

229 5357 331 5412 Tacita.
349 5355 369 5408 i.
1221 5342 1253 5402 ἦ
