3734 5917
347 455 408 522 bib
738 452 924 523 CORNELII
943 452 1076 521 raeiri
1096 452 1303 520 ANNALIUM

346 623 396 681 tra
417 631 588 702 peccorum
610 614 733 698 culpam
753 615 831 699 ipsis
852 613 1019 680 exitiosam
1041 633 1109 680 osse
1131 612 1266 691 debere,
1287 613 1366 680 nibil
1380 614 1600 682 universorum
1615 615 1679 680 iuri

348 727 572 813 derogandum.
597 728 712 814 quippe
733 727 795 792 late
815 723 921 793 fusum
942 725 976 793 id
996 745 1122 812 corpus.
1144 727 1217 792 binc
1239 727 1424 814 plerumque
1444 727 1566 804 tribus,¹
1584 729 1679 794 decu·

347 843 429 918 rias,
451 839 640 921 ,ministeria
665 839 897 924 magistratibus
926 849 960 905 et
985 837 1216 916 sacerdotibus,
1254 841 1399 908 cohortes
1428 819 1521 906 eliam
1543 842 1577 906 in
1598 842 1676 906 urbe

349 956 556 1040 conscriptam
586 960 618 1018 et
638 951 780 1037 plurimis
801 952 960 1037 equitnm,
983 953 1143 1041 plerisque
1164 956 1362 1020 senatoribus
1382 974 1446 1020 non
1468 957 1593 1020 aliunde
1614 955 1677 1019 ori·

326 1069 453 1153 sginem
475 1067 566 1135 trabi.
588 1064 614 1130 si
629 1072 849 1149 separarentur
870 1065 1030 1144 libertini,
1054 1065 1250 1134 manifestam
1271 1065 1341 1134 lore
1361 1070 1524 1154 penuriam
1546 1070 1677 1153 ingenu-

348 1200 452 1246 orum.
486 1199 551 1244 uon
571 1177 688 1244 frustra
709 1177 862 1252 maiores,
893 1200 964 1245 cnm
987 1178 1168 1264 dignitatem
1191 1179 1338 1246 ordinum
1359 1183 1549 1261 dividerent,
1582 1181 1678 1247 liber-

346 1301 440 1360 tatem
461 1291 495 1357 in
516 1291 675 1357 communi
695 1293 848 1377 posuisse.
869 1294 946 1379 quin
961 1301 993 1358 et
1007 1293 1245 1360 manumittendi
1268 1297 1345 1360 duas
1366 1297 1486 1381 species
1506 1294 1675 1371 institutas,

348 1405 633 1502 utlrelinqueretnr
653 1406 862 1488 paenitentiae
884 1414 939 1471 aut
959 1427 1043 1473 novo
1064 1404 1218 1472 beneficio
1241 1409 1340 1473 loeus.
1363 1429 1444 1494 quos
1466 1406 1601 1474 vindicta
1621 1427 1678 1490 pa·

347 1528 458 1586 tronus
478 1538 544 1584 non
564 1516 761 1590 liberaverit,
783 1516 870 1582 velut
890 1516 994 1584 vinclo
1016 1521 1173 1585 servitutis
1196 1520 1331 1586 attineri.
1357 1519 1523 1607 dispiceret
1544 1522 1677 1606 quisque

310 1635 474 1709 somerita,
496 1635 649 1718 tardeque
670 1629 857 1696 concederet
878 1633 963 1718 quod
986 1634 1092 1697 datum
1113 1652 1177 1698 non
1200 1635 1400 1699 adimeretur.
1425 1636 1503 1700 haec
1523 1633 1678 1698 sententia

346 1746 460 1823 valuit,
484 1743 667 1832 scripsitque
691 1743 806 1808 Caesar
826 1743 967 1820 senatui,
999 1743 1143 1831 privatim
1166 1749 1380 1832 expenderent
1401 1767 1526 1812 oausam
1547 1744 1678 1810 liberto·

345 1880 416 1926 rum
437 1860 582 1944 quotiens
601 1879 620 1922 a
641 1856 781 1941 patronis
803 1863 1027 1940 arguerentur:
1051 1859 1085 1921 in
1107 1877 1272 1924 commune
1294 1861 1372 1926 nibil
1394 1864 1594 1946 derogarent
1619 1879 1679 1922 nec

345 1972 444 2039 multo
466 1978 538 2056 post
559 1977 687 2056 ereptus
718 1971 832 2034 amitae
855 1966 989 2034 libertus
1011 1969 1096 2036 Paris
1119 1977 1207 2056 quasi
1229 1972 1297 2038 iure
1320 1975 1422 2051 civili,
1456 1993 1520 2038 nou
1541 1975 1608 2038 sine
1629 1973 1679 2036 in-

345 2086 437 2153 lamia
458 2083 625 2172 principis,
649 2086 738 2149 cuius
758 2083 847 2148 iussu
868 2090 1082 2169 perpetratum
1105 2087 1303 2170 ingenuitatis
1324 2085 1475 2152 iudicium
1498 2093 1574 2152 erat.

414 2278 440 2328 1.
465 2275 546 2326 nictit
567 2274 606 2326 ii.
635 2302 668 2312 -
695 2275 722 2325 8.
746 2276 907 2338 penitentiae
932 2274 970 2325 bi.
1003 2300 1032 2314 -
1064 2277 1106 2326 10.
1126 2278 1169 2327 isc
1187 2277 1225 2327 id.
1256 2303 1285 2316 -·
1313 2277 1356 2329 ii.
1383 2279 1549 2342 scriptoque,
1580 2279 1605 2326 in
1624 2292 1676 2342 mg.

344 2349 470 2410 scripsit,
488 2347 528 2399 bi.
549 2370 578 2382 -
600 2345 735 2397 camebi.
757 2369 787 2382 -
817 2345 860 2396 ib.
878 2345 961 2394 nictit
978 2343 1016 2396 bi.
1046 2370 1076 2382 -
1098 2348 1219 2413 derogem
1237 2349 1282 2408 M,
1303 2348 1373 2411 quod
1392 2354 1530 2401 restituere
1547 2347 1676 2408 Waitbcs,

344 2415 649 2541 bailtbrnlttffimm
680 2416 836 2468 Emendartt
858 2415 997 2476 bluretus;
1017 2421 1047 2466 nt
1065 2430 1157 2481 saepe,
1178 2419 1220 2469 bic
1238 2432 1347 2482 quoquo
1365 2420 1487 2472 excidere
1504 2420 1615 2471 litterae·
1643 2443 1675 2457 -

343 2654 471 2707 baesitin
490 2651 531 2702 bis
551 2653 687 2704 Ernestius
706 2652 992 2712 suspicatusnonoon-
1029 2651 1090 2704 deus
1119 2664 1166 2715 per
1190 2655 1270 2706 sitam
1296 2654 1379 2715 iiber,
1411 2655 1456 2705 sed
1480 2660 1628 2705 moreretur
1646 2657 1675 2703 ιιι

343 2736 484 2786 diruissent
503 2740 566 2783 saut
583 2733 669 2785 simile
688 2730 787 2796 quido
806 2734 836 2781 ut
853 2732 900 2780 ait.
1029 2745 1136 2790 seruus,
1156 2732 1231 2783 bonis
1250 2740 1277 2783 et
1296 2735 1384 2784 liberis
1398 2734 1430 2783 ad
1445 2736 1500 2784 beri
1513 2733 1671 2785 beredumre

377 2814 421 2865 27.
452 2807 777 2876 iotsfusunsidcorpus]
798 2823 868 2873 quae
888 2822 941 2860 una
960 2823 990 2861 cr
1029 2811 1085 2861 eius
1111 2816 1305 2874 possessionem
1327 2815 1518 2865 redeuntibus:
1551 2816 1589 2864 sie
1615 2827 1673 2863 mox

342 2896 490 2960 praecipuis
510 2896 594 2944 causis
613 2895 735 2945 interitus
752 2891 864 2940 Romani
884 2892 988 2952 inperii
1029 2891 1151 2942 dicuntur
1170 2893 1195 2943 bi
1208 2894 1280 2944 osius
1291 2894 1396 2943 uinculo
1408 2895 1542 2944 seruitutis
1554 2893 1673 2943 attineri.

343 2986 374 3026 as
401 2971 503 3034 populi.
544 2973 574 3023 ln
601 2974 806 3034 inscriptionum
834 2972 990 3032 praesertim
1028 2971 1104 3022 Tales
1133 2979 1220 3024 autem
1249 2973 1335 3024 itherii
1370 2973 1504 3036 obsequiis
1532 2976 1672 3034 impetrare

342 3053 496 3114 corporibus
521 3051 611 3105 sidere
629 3051 691 3103 licet
709 3053 863 3102 immensam
881 3049 990 3101 liberto·
1029 3051 1170 3102 studebant
1195 3067 1211 3103 a
1239 3056 1370 3114 patronis,
1401 3059 1430 3102 ut
1458 3066 1505 3114 per
1532 3053 1673 3103 uindictam

342 3146 400 3184 runi
418 3132 632 3192 multitudinem,
662 3134 684 3182 si
711 3132 902 3192 comparaveris
928 3141 988 3180 cum
1027 3141 1210 3184 assererentur
1237 3137 1262 3184 in
1283 3136 1377 3183 iustam
1397 3133 1565 3190 libertatem:
1595 3143 1672 3196 onam

343 3213 446 3265 ciuibus
463 3211 990 3274 Romanisautioussscvercingenuae
1029 3224 1102 3273 spem
1130 3216 1231 3274 patroni
1258 3213 1298 3265 rei
1331 3213 1434 3273 espiers
1461 3219 1581 3274 poteraut
1604 3223 1671 3261 uoco

237 3300 240 3306 '
343 3292 459 3354 originis·
484 3315 510 3328 -
532 3287 602 3352 binc]
622 3304 653 3342 er
671 3290 801 3340 libertinis
818 3293 939 3340 constare
960 3301 990 3338 sc
1028 3292 1164 3356 beneficio,
1193 3293 1232 3345 rel
1261 3293 1407 3353 repellere,
1439 3297 1476 3342 sic
1502 3293 1674 3354 poenitentioe

342 3371 460 3434 suppleri
470 3368 991 3433 plsrumpus,magnsmpariem,iribus
1028 3371 1112 3421 iocum
1137 3372 1185 3421 sibi
1213 3385 1365 3423 concessum
1383 3372 1537 3423 babentes.»
1570 3371 1671 3422 busun.

342 3453 496 3519 praesertim
509 3449 640 3512 urbanas,
660 3450 687 3500 lu
701 3450 800 3509 quibus
814 3456 899 3510 capiis
918 3451 989 3497 censi
1028 3450 1217 3501 Poscitentiom
1235 3459 1328 3511 voest,
1354 3454 1375 3502 si
1396 3453 1498 3513 psironi
1518 3451 1617 3501 libertis
1635 3453 1674 3500 iu·

343 3537 371 3585 et
395 3531 509 3581 libertini
533 3535 625 3589 erant3
654 3539 816 3592 quamquain
836 3534 891 3576 tum
913 3527 989 3577 multi
1027 3538 1108 3592 aiam,
1137 3544 1216 3592 quern
1236 3531 1411 3593 appetebant,
1442 3531 1588 3582 libertatern
1606 3543 1672 3581 nuu-

343 3612 459 3664 sttsuain
471 3610 575 3658 rusticis
586 3609 702 3658 tribubus
714 3607 887 3659 nobilioribus
900 3619 990 3657 cense-
1029 3625 1107 3674 qnam
1128 3612 1234 3662 dabani.
1272 3612 1311 3662 ad
1329 3612 1461 3660 otriculum
1480 3611 1542 3660 illud
1566 3613 1674 3661 seruitu-

343 3690 449 3742 bantur.
462 3688 568 3739 Busan.
582 3712 612 3724 -
625 3686 759 3752 decurias]
773 3687 880 3749 collegia
893 3688 991 3738 scriba·
1029 3693 1063 3740 iis
1080 3695 1193 3753 pertinet
1212 3695 1338 3753 imprimis
1358 3692 1442 3740 lossii.
1464 3689 1496 3750 3,
1516 3692 1549 3749 ¹1,
1568 3692 1604 3740 t:
1625 3689 1673 3740 Lc-

343 3784 421 3830 rum,
440 3769 571 3831 lictorum,
592 3771 739 3828 sistorum,
759 3779 934 3830 praeconum,
950 3781 991 3818 sc·
1028 3773 1143 3822 tinorum
1156 3771 1332 3822 lusitanorum
1344 3773 1514 3823 successiones
1527 3771 1617 3820 nutias
1632 3783 1674 3830 ps·

343 3863 481 3903 censorum
500 3855 572 3907 cet..
593 3862 662 3912 quse
683 3853 777 3911 partim
797 3850 893 3898 iterum
911 3849 993 3910 signi-
1028 3853 1101 3900 ns'tus
1127 3856 1222 3910 erunt,
1253 3853 1315 3915 qui,
1347 3851 1405 3902 iicet
1432 3856 1463 3901 ut
1489 3850 1565 3901 tiberi
1590 3852 1673 3900 citent

343 3932 638 3994 beanturaeuueniibus
650 3931 799 3980 ministeriu
812 3935 862 3979 cet.
883 3930 988 3980 busun.
1027 3944 1102 3979 suom
1113 3932 1285 3994 peragebant,
1307 3937 1427 3980 ettamen
1445 3933 1500 3992 ipso
1519 3931 1611 3980 ultimo
1623 3932 1673 3992 spi·

343 4036 375 4051 -
394 4012 512 4063 cobortes
529 4014 608 4061 etium
625 4012 656 4060 in
671 4010 737 4060 urbs
751 4007 924 4072 conscriptos]
947 4023 990 4061 co·
1026 4012 1083 4060 ritu
1100 4011 1178 4060 simut
1194 4013 1312 4060 animans
1329 4017 1407 4075 utque
1426 4011 1572 4061 libertatern
1596 4012 1673 4060 ursit·

343 4092 431 4144 bortes
449 4092 573 4154 vigilum,
603 4102 671 4154 qnae
695 4093 808 4151 scriptas
827 4091 939 4151 primum
960 4103 990 4140 er
1027 4089 1129 4146 iebant.
1151 4098 1174 4140 et
1192 4093 1270 4154 quasi
1282 4104 1434 4148 servorum,
1454 4092 1493 4139 ito
1506 4089 1574 4140 bonu
1587 4102 1672 4139 coruos

342 4173 426 4226 milita
451 4171 583 4222 libertino.
623 4169 718 4220 Strabo
744 4169 769 4219 5.
792 4181 820 4232 p.
839 4167 900 4218 235.
939 4168 990 4219 Itlo
1026 4171 1082 4219 iuro
1100 4171 1291 4232 quodammodo
1306 4169 1604 4233 peculiisulepelunio
1616 4182 1670 4218 rno-

341 4252 393 4309 bb,
416 4251 460 4302 20.
491 4250 567 4301 Lirs·
611 4249 686 4301 adds
705 4250 740 4310 1,
760 4247 817 4297 dl:
845 4248 991 4298 uernacula
1026 4251 1184 4299 numissorcs
1203 4249 1362 4300 detinebunt.
1382 4273 1411 4285 -—
1431 4247 1480 4310 (dd
1501 4255 1584 4299 totum
1604 4250 1672 4299 bunc

341 4330 500 4387 multitudo,
527 4341 610 4392 nuper
636 4336 695 4377 ueto
724 4328 752 4377 in
778 4327 841 4377 urbs
869 4327 988 4392 dsisnu,
1027 4330 1114 4380 locum
1134 4329 1179 4378 cir.
1200 4327 1330 4392 Ssrigny's
1348 4327 1496 4389 zeitschrift
1515 4334 1566 4378 cet.
1591 4327 1625 4376 ii.
1643 4329 1669 4376 5.

343 4412 620 4462 lacinianunc·
648 4409 715 4459 duos
733 4403 844 4470 speeies]
867 4407 990 4459 sTacitns
1027 4417 1052 4460 et
1071 4409 1119 4458 iii.
1139 4408 1177 4469 7.)
1196 4409 1294 4460 Seneca
1315 4409 1347 4459 de
1369 4409 1425 4458 vita
1446 4409 1521 4459 beata
1541 4407 1590 4456 bt:
1618 4405 1671 4456 iio·

342 4491 461 4554 loquitur
486 4489 520 4540 de
546 4489 681 4548 uindicta,
713 4501 764 4553 qua
792 4500 882 4537 sersus
919 4490 988 4541 cirili
1025 4489 1137 4538 minibus
1149 4489 1270 4552 prodesse
1282 4495 1380 4538 nutura
1393 4489 1482 4548 iubet,
1502 4490 1571 4536 serui
1589 4487 1672 4536 tiberi·

343 4575 399 4623 turs
418 4583 553 4634 possessus
573 4581 659 4618 coram
679 4575 799 4630 prsetore
817 4567 989 4618 sollemnibus
1025 4581 1056 4617 ue
1072 4571 1143 4626 sint,
1163 4571 1267 4633 ingenui
1285 4583 1320 4617 cn
1339 4569 1471 4620 libertini.
1496 4568 1581 4616 iustos
1599 4567 1670 4616 liber·

264 4701 269 4711 ,
343 4652 429 4705 serbis
449 4654 475 4700 in
495 4649 641 4700 libertatern
660 4649 914 4701 vindicabatursise
936 4663 989 4699 rna-
1025 4651 1143 4697 totison
1162 4649 1229 4698 inter
1248 4650 1345 4698 amicos
1363 4649 1453 4696 datos.
1486 4645 1678 4719 Getarumcin

344 4731 553 4788 uumtttebatur;
580 4740 611 4780 ea
627 4728 682 4779 sols
701 4736 755 4778 tum
773 4729 872 4778 iustum
890 4734 917 4780 st
936 4730 989 4792 pie·
1028 4727 1176 4778 Ernestium
1196 4728 1228 4777 sd
1250 4728 1276 4776 b.
1298 4727 1334 4781 l..
1362 4729 1437 4778 cuins
1464 4726 1670 4786 disputationem

344 4823 404 4863 nass
423 4812 569 4860 libertatern
593 4809 743 4870 praebebat.
779 4808 866 4860 Ceteri
885 4816 990 4870 praeter
1027 4807 1147 4857 dabimus
1166 4811 1192 4858 in
1213 4808 1338 4857 Excusso.
1360 4832 1390 4842 -
1407 4802 1546 4868 priuatim]
1568 4806 1670 4866 propria

343 4890 484 4947 uindictam
497 4889 568 4940 modi
587 4890 799 4940 manumissionis
817 4889 900 4953 (reiut
919 4890 990 4938 inter
1027 4894 1053 4937 ei
1071 4894 1189 4947 separata
1214 4887 1246 4937 dc
1273 4889 1400 4949 cuiusque
1426 4885 1512 4935 liberti
1532 4896 1610 4935 causa
1629 4895 1670 4932 co·

344 4972 441 5022 eonem
456 4976 536 5023 testes
554 4971 640 5024 serbis
659 4969 735 5032 data,
761 4981 810 5032 per
833 4969 988 5032 spissoion,
1027 4969 1153 5031 goitioue.
1176 4993 1205 5004 -
1227 4965 1360 5030 derogent]
1378 4966 1483 5016 Frustra
1503 4966 1546 5015 bic
1563 4975 1668 5028 quoque

341 5062 540 5115 permansum,
558 5064 605 5115 psr
623 5048 788 5114 eruptionem)
808 5051 924 5101 revocari
944 5047 989 5111 po·
1027 5047 1166 5107 blurctus,
1197 5047 1350 5105 dcidsiins,
1379 5045 1515 5096 Ernestius
1540 5043 1671 5096 malebant

345 5136 448 5187 terrm,
480 5133 516 5182 ita
538 5138 569 5180 ut
595 5131 770 5184 manu-issus
795 5137 915 5184 maneret
932 5134 990 5194 qni·
1027 5128 1194 5193 derogarent.
1242 5126 1370 5178 Praetulit
1402 5125 1511 5177 Tacitus
1537 5124 1669 5177 sinucius
