3734 5917
314 476 377 540 388
704 475 893 540 CORNELII
913 475 1047 541 TdClTl
1068 479 1275 545 ANNdLlUll

313 632 489 720 principem
509 636 701 706 certabatur,
738 637 983 700 asseverantium
1016 654 1079 700 non
1107 636 1188 701 adeo
1217 656 1342 720 aegram
1364 637 1484 702 ltaliam
1507 645 1541 702 ut
1561 657 1651 704 sena-

314 757 382 812 tum
404 749 604 833 suppeditare
625 746 697 812 urbi
720 766 796 812 suae
817 748 973 833 nequiret.
997 745 1158 812 snii'ecime
1179 747 1255 813 olim
1276 747 1439 836 indigenas
1461 750 1649 834 consangni-

210 939 217 952 ,
314 861 384 924 nois
405 858 546 946 populis,
581 879 641 923 nec
661 857 822 943 paenitere
843 858 959 924 veteris
980 861 1029 924 rei
1055 856 1209 946 publicae.
1246 864 1322 946 quin
1349 860 1451 928 adbuc
1478 861 1650 928 memorari

313 970 458 1058 exempla
489 990 570 1057 qnae
602 970 713 1056 priscis
741 971 885 1036 moribus
912 974 953 1037 ad
981 973 1129 1037 virtutem
1159 981 1191 1036 et
1212 972 1345 1058 gloriam
1366 977 1506 1039 Romana
1527 975 1650 1040 indoles

291 1082 498 1170 tprodiderii.
536 1103 576 1148 an
604 1103 715 1168 parum
742 1085 829 1168 qnod
869 1082 980 1148 Veneti
1001 1092 1032 1149 et
1052 1086 1201 1150 Insubres
1222 1089 1340 1151 curiam
1361 1087 1556 1169 inruperini,
1589 1086 1650 1152 nisi

311 1204 423 1261 coetus
443 1196 708 1278 alienigenarum,
743 1195 830 1261 velut
849 1193 1028 1282 eaptivitas,
1060 1197 1231 1263 inieratnri
1266 1218 1360 1285 quem
1394 1201 1477 1265 ultra
1496 1201 1648 1264 honorem

311 1306 448 1372 residuis
468 1307 637 1380 nobilium,
659 1315 714 1372 aut
734 1305 762 1372 si
784 1308 855 1391 quis
875 1327 995 1394 pauper
1015 1327 1033 1372 e
1052 1308 1140 1374 Latio
1174 1317 1314 1385 senator,
1342 1308 1432 1375 iore?
1464 1310 1648 1394 oppleturos

312 1421 419 1485 omnia
450 1419 564 1484 divites
594 1417 681 1496 illos,
717 1439 852 1504 quornm
885 1421 936 1484 ari
964 1419 1139 1505 proavique
1170 1420 1330 1487 hostilium
1363 1421 1524 1487 nationum
1553 1421 1648 1488 duces

312 1531 471 1598 exercitus
500 1539 626 1596 nostros
654 1531 742 1598 lerro
767 1531 863 1619 vique
891 1533 1080 1609 ceciderint,
1117 1529 1223 1598 divum
1254 1534 1368 1598 lulium
1397 1537 1480 1618 apud
1508 1536 1645 1600 Alesiam

274 1641 502 1713 soobsedarint.
537 1646 675 1709 recentia
701 1644 791 1708 baec.
821 1645 946 1730 quidsi
973 1644 1125 1710 memoria
1138 1665 1249 1710 eorum
1295 1655 1456 1722 oreretur,
1480 1649 1534 1732 qsii
1556 1646 1647 1732 Capi-

310 1754 388 1821 tolio
409 1765 442 1820 ei
461 1777 516 1820 ara
537 1760 676 1822 Romana
696 1757 841 1820 manibus
868 1755 1041 1822 eorundem
1063 1777 1122 1840 per
1143 1759 1270 1822 seselis
1291 1760 1353 1787 “**
1374 1756 1556 1824 fruerentur
1571 1779 1646 1825 saue

311 1867 467 1935 vocabulo
489 1869 640 1934 civitatis:
675 1867 809 1953 insignia
829 1876 972 1951 patrum,
1003 1871 1119 1934 decora
1148 1871 1384 1954 magistratuum
1408 1891 1448 1935 ne
1469 1869 1644 1955 vulgarent.

310 1979 375 2067 (st)
397 1981 448 2047 bis
469 1990 564 2067 atque
585 1977 701 2046 talibus
727 1983 813 2045 baud
837 1990 999 2064 permotus
1025 1981 1171 2068 princeps
1193 1989 1225 2046 et
1245 1981 1346 2046 statim
1370 1990 1478 2048 contra
1500 1983 1647 2048 disseruit

309 2101 343 2159 et
362 2103 475 2159 vocato
497 2101 607 2159 senatu
627 2092 672 2156 iia
693 2112 827 2158 exorsus
848 2099 914 2157 est:
956 2092 1112 2158 umaiores
1133 2097 1210 2168 mei,
1247 2115 1382 2180 qnorum
1411 2094 1647 2180 antiquissimus

273 2224 302 2265 ss
311 2205 442 2272 Clausus
462 2205 586 2290 origine
609 2206 724 2269 Sabina
744 2202 837 2270 simul
857 2204 891 2269 in
919 2203 1076 2270 civitatem
1097 2208 1268 2270 Romanam
1291 2208 1376 2272 etin
1397 2205 1529 2271 familias
1549 2207 1647 2291 patri-

309 2317 431 2383 ciorum
451 2319 587 2383 adscitus
608 2326 674 2393 est,
702 2317 869 2381 hortantur
887 2315 934 2382 uti
955 2318 1083 2402 paribus
1103 2317 1241 2383 consiliis
1271 2316 1517 2404 rempublicam
1538 2339 1645 2404 capes-

309 2450 397 2508 sam,
421 2427 640 2494 transierondo
660 2432 722 2493 buc
742 2430 984 2515 quoiusquam
1006 2430 1169 2512 egregium
1184 2427 1291 2494 luerit.
1315 2451 1417 2515 neque
1431 2431 1515 2496 enim
1529 2431 1643 2515 ignoro

378 2565 404 2615 2.
423 2564 618 2626 comunput'nss
634 2563 673 2616 ii·
691 2586 724 2596 -
745 2561 772 2612 3.
786 2565 870 2624 penit.
882 2561 921 2612 ii.
938 2586 967 2599 -
982 2564 1008 2613 ὁ.
1022 2563 1074 2613 s'nr.
1089 2563 1133 2614 ld:
1152 2564 1202 2613 irr.
1216 2564 1247 2614 it.
1263 2589 1294 2601 -
1307 2564 1334 2615 t.
1348 2565 1429 2616 uelud
1440 2566 1479 2619 iti.
1493 2566 1565 2615 -t.
1578 2564 1647 2627 [cru

307 2633 385 2685 solito
403 2637 430 2685 in
449 2635 490 2685 bis
506 2634 642 2685 intinitiris
659 2646 747 2684 errore
765 2633 812 2692 ll,
836 2646 914 2695 onem
936 2632 1050 2691 praeterr
1061 2633 1230 2684 Doederlein.
1251 2633 1368 2685 Correxit
1386 2637 1528 2686 Aeidsiins.
1550 2660 1579 2672 -
1601 2637 1644 2688 10.

308 2709 427 2755 oreretur
439 2705 544 2755 Baiter:
563 2709 709 2755 numeretur
720 2709 816 2766 gemin.
827 2716 854 2751 sn
868 2703 894 2753 bl
905 2702 936 2753 it.
947 2701 1102 2764 (inureretur
1110 2705 1211 2754 Puteoi.
1223 2738 1231 2762 ,
1247 2707 1286 2754 ιΙι
1302 2706 1411 2762 Latine,
1430 2711 1579 2756 moueretur
1590 2709 1642 2757 iac.

308 2773 478 2839 Gronovius.)
497 2801 529 2812 —
548 2777 589 2825 ti.
609 2772 693 2837 sctis]
712 2773 807 2825 Manes
824 2773 890 2822 baec
907 2786 922 2822 s
943 2777 1047 2824 nemine
1058 2774 1145 2825 edisne
1157 2775 1457 2837 probabiiitersnppiets
1469 2784 1539 2827 sunt.
1559 2775 1602 2836 (ln
1614 2776 1643 2827 ii

307 2845 401 2896 iseuns
411 2859 463 2896 uon
474 2849 524 2897 est.
538 2844 652 2897 Constus
662 2853 749 2896 tamen
763 2845 830 2896 duos
842 2845 1041 2894 communicabo
1060 2857 1118 2893 cnm
1134 2846 1340 2907 interpretibus;
1365 2847 1407 2895 Fr.
1422 2845 1539 2896 lacobii:
1561 2846 1642 2910 Quid,

305 2917 475 2965 ιιιιιιιιιονια
492 2927 582 2965 eorstns
599 2917 760 2971 inorirstur,
788 2916 836 2978 put
857 2916 887 2963 in
906 2914 1037 2974 Capitolio
1054 2923 1078 2964 et
1098 2929 1151 2965 oro
1168 2915 1290 2965 Romanu
1307 2917 1428 2967 munibus
1445 2917 1585 2967 eorundem
1600 2930 1643 2981 pe

304 2986 421 3035 fluent?
437 2984 601 3036 diruerentur
618 2990 671 3037 cet.
692 3009 721 3020 -
742 2985 879 3048 Seyfferti:
899 2983 981 3047 Quid.
1009 2987 1032 3033 si
1050 2989 1176 3034 mmoriu
1194 2998 1284 3034 eorum
1300 2987 1434 3045 oriretur,
1453 2989 1500 3050 qui
1511 2988 1642 3048 Capitolio

304 3059 329 3105 et
348 3068 399 3105 uru
418 3057 539 3105 iiomunu
556 3056 663 3106 obsessa
678 3055 801 3104 mundus
819 3055 962 3106 eorundem
977 3067 1025 3116 per
1042 3055 1133 3104 domus
1152 3056 1297 3105 trucidati?
1325 3055 1487 3106 Frsserentur
1505 3064 1554 3110 eet.
1588 3059 1644 3108 iio·

304 3124 439 3175 morsbiiis
466 3132 553 3176 antem
579 3126 706 3188 imprimis
728 3125 830 3176 ileiusii
851 3126 1019 3175 contecturss
1050 3137 1111 3175 uree
1129 3122 1274 3187 Romanu.)
1300 3151 1333 3160 -
1367 3127 1409 3176 15.
1430 3127 1517 3177 ilabet
1536 3125 1643 3177 Ciusssus

302 3195 343 3246 si.
362 3195 498 3256 (Claudius
515 3195 584 3256 spir.
604 3196 724 3247 Correxit
740 3196 793 3247 ism
811 3190 996 3254 Puteolanus.)
1016 3217 1045 3229 -
1071 3195 1114 3245 16.
1132 3208 1187 3246 rens
1206 3193 1262 3260 (sie)
1280 3195 1388 3258 publicu
1405 3194 1466 3261 (sie)
1485 3197 1643 3259 capessenda

302 3265 342 3316 it.
363 3288 392 3301 -
413 3265 456 3314 ii.
475 3279 560 3330 usquo
576 3265 614 3315 ni.

302 3383 353 3442 sit,
373 3382 415 3433 rei
434 3389 496 3433 ante
513 3382 565 3432 snb
583 3381 651 3432 iniio
669 3381 821 3436 nonnuliis.
852 3384 899 3444 oni
917 3381 952 3433 de
991 3393 1050 3432 eum
1065 3381 1159 3433 dicunt
1172 3381 1503 3445 eostunsuiimipsnururn,
1515 3383 1640 3434 insidiam

301 3464 410 3512 nomine
429 3461 529 3513 liomse
547 3462 616 3513 bens
633 3468 709 3512 erent
728 3465 833 3523 meriti,
861 3463 953 3513 cirita·
991 3464 1069 3512 etiam
1089 3468 1199 3526 sugent,
1231 3462 1338 3512 eosdem
1368 3465 1475 3523 insuper
1502 3467 1639 3524 captiuos,

301 3547 366 3603 tem,
385 3553 439 3592 non
458 3554 519 3593 sero
538 3544 667 3593 universis
685 3541 757 3592 iliius
775 3544 859 3605 gentis
877 3543 952 3602 oppi·
990 3543 1070 3592 armis
1083 3553 1173 3593 omnes
1186 3554 1201 3592 s
1213 3541 1339 3592 Romanis
1350 3541 1482 3604 devictos,
1503 3549 1638 3594 roesntas.

301 3620 358 3678 dis,
383 3620 446 3671 lieet
463 3623 571 3672 omnino
591 3626 735 3674 statuere.»
763 3645 791 3657 -
811 3617 950 3686 suffecisse]
991 3645 1022 3658 -
1042 3617 1166 3683 residuis]
1180 3623 1242 3683 quis
1254 3621 1402 3682 complures
1415 3620 1529 3672 ismiiise
1544 3624 1641 3674 veteris

301 3699 381 3751 soiius
402 3696 484 3762 (certe
502 3707 563 3752 sets
583 3701 680 3752 beilum
698 3696 805 3761 soeisis)
824 3699 857 3749 ad
875 3712 952 3751 sene·
990 3702 1028 3751 rsi
1048 3700 1169 3762 pubiicse
1194 3707 1259 3752 tune
1275 3707 1323 3751 sut
1340 3705 1484 3752 exstinctae
1502 3709 1578 3751 erent
1594 3707 1640 3752 aut

299 3784 356 3829 tnm
384 3779 542 3840 explendam
562 3792 592 3831 ae
608 3793 665 3830 rem
683 3779 828 3830 Romanam
848 3786 951 3829 susten·
989 3782 1025 3830 its
1043 3779 1137 3841 opibus
1164 3779 1319 3839 destitutae,
1350 3789 1381 3831 ut
1398 3781 1431 3832 sd
1450 3785 1572 3831 senatum
1593 3781 1638 3832 ad·

299 3857 407 3909 undem
425 3857 585 3922 indigenas,
616 3858 643 3908 id
670 3865 727 3919 est,
758 3860 859 3921 origine
880 3861 951 3909 eires
989 3861 1089 3921 spirare
1109 3871 1160 3908 non
1180 3867 1295 3920 possent.
1316 3883 1348 3895 -
1375 3859 1502 3920 Alesiam]
1524 3859 1639 3911 bisudu-

300 3937 451 3998 liomsnos,
480 3938 683 4000 consanguineis
699 3936 824 4000 populis,
852 3937 949 3997 idest,
989 3938 1092 3988 biorum
1104 3938 1249 4000 oppidum,
1270 3939 1348 3990 bodie
1360 3939 1441 3989 Alite.
1460 3939 1559 3990 liobae
1570 3939 1638 3990 obsi-

300 4016 423 4079 populis,
455 4019 500 4080 qui
528 4018 645 4068 eiusdem
670 4028 730 4067 eum
749 4015 874 4068 liomsnis
892 4029 950 4066 san·
989 4018 1068 4069 dione
1087 4029 1111 4068 ι.
1133 4015 1209 4067 Caes.
1231 4018 1260 4066 B.
1282 4017 1314 4068 G.
1334 4017 1369 4076 ’1,
1387 4018 1432 4067 ii.

300 4098 388 4159 guinis
414 4109 445 4146 ae
461 4098 553 4160 stirpis
571 4101 686 4148 essent.»
723 4096 758 4146 iii
777 4103 950 4158 opponuntur
1022 4095 1065 4146 il.
1091 4093 1194 4160 stutirn]
1223 4097 1289 4148 Cum
1308 4097 1376 4148 iilius
1396 4098 1531 4158 petitionis
1550 4095 1638 4146 (isiio-

300 4175 382 4226 Gaiiis
406 4182 529 4229 externae
552 4179 669 4240 originis.
708 4177 764 4227 iice
790 4180 870 4239 igitur
897 4175 947 4226 sibi
988 4189 1046 4226 rum
1064 4176 1206 4227 adversarii
1227 4180 1252 4227 in
1271 4176 1583 4233 Pristiodissusdsrent,
1603 4188 1636 4227 ue

299 4255 407 4307 volunt:
439 4255 485 4306 ssi
512 4254 574 4307 olisn
601 4255 742 4319 indigente
760 4255 793 4306 ad
823 4261 945 4306 sensium
987 4257 1026 4306 sis
1043 4254 1215 4307 sstisiscsrot.
1233 4281 1263 4293 -
1284 4269 1392 4306 seorsus
1409 4253 1458 4319 est]
1476 4255 1539 4305 Pars
1558 4255 1638 4306 buius

299 4334 487 4398 complendum
505 4336 680 4394 suffecerunt,
701 4343 730 4385 nt
747 4348 779 4387 eo
797 4333 891 4386 ordine
904 4348 948 4387 es·
988 4337 1113 4386 orationis
1131 4340 1215 4386 esstst
1232 4334 1319 4386 adbuc
1330 4335 1452 4400 Lugduni
1471 4337 1526 4386 seri
1543 4337 1634 4386 incisa.

298 4415 469 4466 eluderentur
486 4414 592 4473 Latini,
613 4413 720 4474 Sabini,
746 4415 827 4465 Marsi
854 4415 948 4465 ceteri·
987 4414 1094 4476 Optime
1112 4414 1180 4465 bene
1198 4416 1344 4466 urstionem
1362 4413 1447 4464 edidit
1459 4419 1541 4476 sique
1556 4416 1635 4464 inter·

298 4509 351 4560 qne
370 4496 435 4548 sotii
447 4494 547 4555 ltsiiei,
567 4506 729 4558 quemqnam
741 4493 866 4544 Romanis
885 4506 948 4544 con·
987 4500 1105 4555 pretatur
1122 4500 1163 4545 est
1180 4493 1210 4544 C.
1224 4493 1287 4545 zeii.
1305 4493 1425 4557 Friburgi
1445 4493 1489 4543 itr.
1510 4491 1588 4544 1833.
1606 4493 1636 4544 d.

297 4577 454 4638 sanguinei,
475 4574 609 4637 quomodo
626 4573 688 4625 ierri
707 4575 805 4636 poterit
819 4580 947 4636 satquse
985 4573 1039 4624 Nos
1057 4580 1145 4626 autem
1164 4577 1191 4623 in
1211 4572 1288 4624 buius
1307 4573 1366 4624 iibri
1381 4574 1434 4624 iius
1456 4585 1513 4624 esm
1540 4576 1635 4624 exscri-

297 4655 404 4706 tsndem
431 4658 574 4707 necessitas
600 4655 668 4714 erit,
705 4661 736 4703 nt
761 4652 841 4703 bodie
868 4651 945 4714 Gaiii,
986 4652 1099 4704 bendsm
1126 4654 1292 4712 curarimus,
1327 4654 1391 4715 quis
1420 4652 1487 4704 «boe
1515 4653 1636 4713 essmpio

297 4746 360 4797 gens
379 4742 499 4795 esterna,
519 4733 721 4797 reeipisntnris
743 4731 844 4782 Lucem
862 4733 947 4783 aliun-
986 4733 1055 4783 eisre
1079 4733 1185 4792 elucet,
1218 4745 1296 4795 qnam
1322 4737 1451 4784 rationem
1471 4732 1579 4783 Tacitus
1607 4734 1634 4782 iu

297 4814 363 4863 dunt
381 4826 422 4865 rr.
441 4813 471 4864 C.
490 4813 543 4864 bd:
571 4813 741 4874 Latinipost
755 4812 887 4876 plebeios,
906 4824 947 4862 es·
986 4811 1167 4872 orationibus,
1198 4823 1263 4875 ques
1290 4812 1417 4875 operibus
1434 4814 1489 4862 suis
1508 4811 1634 4872 inclusit,

296 4897 416 4942 teruruns
432 4892 529 4944 ituitus
546 4893 663 4957 gentiunt
678 4897 740 4954 post
758 4891 878 4941 ιαιιιιοι.
902 4889 947 4941 Sic
986 4891 1177 4954 componendis
1203 4898 1312 4942 secutus
1340 4894 1391 4950 sit;
1418 4890 1543 4944 videlieet
1564 4903 1633 4949 eam,

295 4975 368 5022 reete
395 4970 569 5024 diiiieiiiorem
595 4972 683 5022 iocum
708 4969 946 5033 expiensntwst-
985 4981 1053 5034 quse
1080 4973 1188 5021 omnino
1214 4972 1331 5032 susionis
1355 4982 1444 5022 rorum
1462 4969 1636 5032 scriptoribus

295 5050 365 5101 tber.
381 5073 410 5085 -
424 5047 578 5114 eaptivitas]
591 5052 852 5114 sreiutesptisoruus
868 5049 946 5101 turbs
985 5051 1101 5112 placuit,
1121 5051 1271 5102 tabularum
1290 5056 1317 5102 et
1333 5055 1568 5100 monumentorum
1587 5062 1633 5111 ps·

247 5209 251 5216 Ι
295 5129 482 5183 introducatur
499 5133 527 5184 in
545 5139 694 5184 reustum.»
731 5129 801 5182 Sstis
815 5131 944 5183 insidiose
984 5143 1042 5182 rum
1060 5130 1189 5194 curiosis,
1221 5135 1248 5182 et
1272 5131 1317 5193 oni
1342 5130 1474 5182 predones
1492 5132 1580 5192 potius
1598 5128 1631 5180 sd
