3734 5917
340 530 401 592 ono
744 526 933 591 conunnu
954 527 1313 593 TACITIANNALIUM

341 684 519 770 exemplum
549 683 620 750 tulit
647 684 746 749 Cassii
771 667 1003 768 Asclepiodoti,
1041 687 1095 771 qui
1123 688 1335 771 magnitudine
1363 705 1458 772 opum
1484 690 1673 774 praecipuus

339 797 424 863 inter
444 795 610 884 Bithynos,
634 816 699 882 quo
721 795 873 880 obsequio
895 799 1060 862 florentem
1084 801 1237 864 Soranum
1259 796 1488 874 celebraverat,
1513 798 1673 866 labentem

313 964 316 968 ε
340 931 405 974 non
427 907 582 984 deseruit,
606 914 783 993 exutusque
804 909 950 974 omnibus
971 908 1104 974 fortunis
1126 911 1204 974 etin
1225 910 1370 975 exsilium
1391 919 1494 988 aetus,
1515 915 1674 997 aequitate

340 1021 433 1086 deum
463 1041 538 1104 erga
566 1018 650 1085 bona
673 1019 816 1105 malaque
837 1018 1035 1085 documenta.
1081 1023 1236 1086 Thraseae
1259 1024 1445 1108 Soranoque
1466 1031 1498 1088 et
1521 1024 1674 1090 Serviliae

318 1135 432 1199 suatur
453 1136 564 1198 mortis
584 1134 762 1210 arbitrium.
806 1131 969 1198 Helvidius
991 1140 1021 1197 ei
1041 1134 1194 1199 Paconius
1215 1133 1303 1199 ltalia
1329 1133 1539 1218 depelluntur.
1582 1139 1675 1202 Μοσ-

339 1255 430 1311 tanus
452 1245 534 1328 patri
555 1265 722 1310 concessus
743 1254 805 1320 est,
828 1243 1051 1330 praeditione
1073 1246 1106 1309 in
1127 1267 1161 1310 re
1182 1243 1309 1329 publica
1329 1248 1510 1312 haberetur.
1549 1268 1675 1314 aecusa-

339 1360 462 1423 toribus
483 1356 580 1443 Eprio
602 1365 633 1423 et
648 1359 833 1422 Cossutiano
854 1355 1060 1442 quinquagies
1082 1359 1259 1422 sestertium
1282 1357 1427 1442 singuliis,
1451 1361 1579 1424 Ostorio
1594 1361 1674 1426 duo-

340 1470 445 1535 decies
467 1477 500 1534 et
519 1470 699 1555 quaestoria
721 1468 853 1552 insignia
877 1466 1069 1538 tribuuntur.
1113 1468 1174 1553 (st)
1195 1479 1262 1535 inm
1283 1469 1324 1535 ad
1339 1473 1506 1537 Thraseam
1526 1474 1556 1535 in
1572 1471 1673 1537 bortis

340 1591 484 1666 agentem
506 1591 655 1667 quaestor
675 1579 812 1645 consulis
833 1581 946 1645 missus
967 1590 1205 1663 vesperascente
1225 1583 1287 1644 iam
1310 1583 1372 1646 die.
1406 1583 1569 1647 illustrium
1585 1586 1672 1648 viro-

304 1713 332 1752 so
341 1716 410 1759 rum
430 1693 679 1778 feminarumque
701 1699 809 1756 coetus
829 1690 1012 1775 frequentes
1034 1700 1157 1775 egerat,
1188 1693 1325 1758 maxime
1350 1696 1488 1759 intentus
1510 1698 1684 1762 Demetrius

342 1805 474 1891 Cynicae
497 1803 697 1869 institutionis
718 1801 856 1879 doctori3
880 1824 950 1867 oum
973 1825 1055 1888 quo,
1078 1813 1114 1868 ut
1137 1804 1314 1869 coniectare
1335 1813 1404 1870 erat
1417 1805 1589 1871 intentione
1604 1806 1673 1871 vul-

340 1926 390 1982 ins
412 1924 444 1980 et
463 1915 593 1988 auditis,
615 1917 643 1979 si
664 1936 726 1999 qua
747 1913 860 1978 elarius
881 1917 1168 2000 proloquebantur,
1191 1919 1230 1980 de
1250 1925 1363 1982 natura
1384 1919 1506 1982 animae
1525 1927 1557 1983 et
1571 1917 1671 1983 disso-

408 2107 435 2154 2.
456 2106 575 2168 buibtuos
592 2106 630 2156 Μ.
659 2129 690 2141 -
717 2103 743 2152 ³.
762 2107 872 2155 exilium
889 2107 927 2157 Μ.
947 2131 981 2141 -
999 2102 1191 2169 aequiramus.
1216 2133 1241 2144 -
1261 2108 1289 2158 i.
1309 2109 1354 2157 dm
1372 2121 1430 2159 eum
1450 2110 1496 2159 lin.
1514 2110 1551 2159 Μ.
1581 2136 1611 2146 -
1640 2110 1668 2160 e.

339 2189 406 2238 rep.
425 2176 462 2227 Μ.
482 2199 514 2210 -
531 2176 559 2226 ’1.
580 2175 671 2239 seprio
688 2175 726 2225 Μ.
754 2198 785 2211 -
806 2177 893 2227 Habet
911 2179 938 2227 b.
958 2177 976 2226 i.
996 2177 1102 2226 Ostorio
1120 2177 1158 2226 Μ.
1180 2201 1208 2213 -
1228 2176 1255 2228 8.
1275 2176 1329 2241 od]
1349 2194 1367 2227 e
1385 2181 1421 2228 ii.
1441 2206 1472 2217 -
1488 2181 1530 2228 ro.
1550 2178 1671 2241 [requen-

339 2251 454 2310 teeqerot
472 2242 541 2309 (enm
561 2248 606 2296 lin.
626 2259 706 2307 super
725 2247 812 2307 priore
831 2248 879 2296 litt.
899 2254 925 2305 i,
946 2247 972 2296 ld
991 2253 1046 2306 est,
1058 2248 1208 2311 {requenter
1226 2249 1326 2312 τριταί)
1342 2250 1378 2301 Μ.
1405 2275 1436 2283 -
1455 2245 1557 2299 intenti
1575 2251 1612 2302 Μ.
1638 2277 1667 2288 -

340 2318 382 2367 ii.
400 2317 489 2366 uultus
503 2317 550 2368 ll:
569 2317 655 2367 voltus
667 2317 698 2366 B·
718 2343 749 2354 -
771 2319 814 2366 12.
833 2326 949 2368 moturae
966 2317 1005 2366 Μ.

364 2476 695 2542 33.οανιν·ι“Διιίιρι·σίοίί]
705 2481 865 2531 Nicaeensis.
878 2479 984 2531 diablo
1023 2492 1077 2530 eos.
1092 2481 1168 2540 ortmt
1183 2480 1257 2532 binos
1271 2488 1423 2544 quaestores
1436 2481 1587 2533 babuerunt
1602 2488 1670 2532 teste

338 2558 387 2617 db,
407 2559 458 2607 26:
479 2553 496 2610 ὁ
514 2559 568 2623 μὲν
586 2553 892 2623 Ἀσκληπιόδστοςούχ
905 2554 985 2621 ὅπως
1023 2559 1108 2608 Dione
1131 2559 1181 2616 is,
1201 2559 1251 2610 tt:
1284 2555 1329 2623 οίς
1346 2557 1472 2629 πρώτοις
1494 2560 1549 2611 irio
1570 2559 1671 2612 isare·-

337 2638 456 2689 κατείπέ
474 2632 630 2696 semirosi,
649 2631 791 2687 ἀλλὰκαὶ
810 2633 984 2688 τούναντίον
1022 2653 1085 2704 ροις
1104 2643 1231 2701 ταμιείαν
1255 2641 1459 2703 συνεγένοντο.
1497 2639 1549 2687 tlir.
1570 2639 1619 2694 58.
1639 2641 1667 2688 d.

337 2711 559 2780 καλοκάγαθίαν
577 2716 609 2765 οἱ
624 2713 902 2784 κροσεμαρτιίρησε·
933 2717 983 2766 καί
1024 2717 1056 2766 Et
1073 2716 1119 2766 eir.
1135 2715 1211 2766 Grut.
1228 2716 1344 2773 tome:
1364 2716 1393 2765 P.
1409 2717 1559 2768 risisti
1590 2743 1619 2752 -
1636 2743 1669 2755 -

337 2791 483 2844 dsdrosiro
493 2787 754 2859 serenissimum,
765 2788 982 2860 ὅστερονδὲέιιί
1023 2793 1054 2855 Q.
1074 2792 1221 2858 (quaestor)
1249 2795 1291 2844 TI.
1320 2793 1667 2848 caesariensium.

336 2869 453 2932 Γάλβοο
471 2869 617 2936 κατήχθη.
639 2897 667 2908 -
695 2869 985 2934 taurominitanum
1024 2875 1052 2924 i.
1074 2873 1249 2926 consitis.
1285 2874 1362 2924 Tales
1380 2884 1467 2925 antem
1487 2878 1537 2924 iam
1556 2878 1605 2926 sub
1624 2877 1670 2926 Ti·

337 2949 561 3012 Requiescere.
574 2951 817 3015 probanteliyeisio.
838 2951 890 3001 Sed
901 2951 984 3000 lisne-
1021 2953 1094 3004 berlo
1119 2954 1249 3004 interdum
1274 2954 1445 3005 mittebantur
1462 2955 1494 3004 sd
1514 2959 1603 3006 mortis
1624 2969 1669 3006 ue·

337 3033 403 3079 etius
426 3028 553 3078 lubentem
574 3030 642 3080 bene
666 3030 784 3081 defendit
811 3043 840 3082 er
862 3032 982 3091 opposito
1021 3037 1168 3082 eessltsiem
1195 3035 1257 3083 viris
1285 3033 1429 3084 illustribus
1449 3033 1667 3085 denuntiandam.

336 3107 481 3173 florentem
518 3108 583 3158 Nam
602 3109 668 3167 flos.
696 3114 741 3172 qui
765 3112 837 3171 prius
857 3110 982 3169 florebit,
1021 3113 1070 3161 Dio
1098 3111 1149 3165 58.
1177 3112 1213 3161 t:
1244 3111 1306 3163 Τῶν
1327 3110 1350 3162 d'
1372 3107 1468 3163 ἄλλων
1491 3113 1593 3165 πολλοὶ
1617 3117 1668 3164 καί

338 3186 434 3236 deinde
447 3184 517 3236 eadit
529 3187 568 3236 rei
581 3187 687 3236 labitur.
704 3213 734 3224 -
749 3191 883 3250 aequitate
895 3185 981 3251 deum]
1001 3163 1185 3270 idvouaorol
1213 3189 1404 3259 ἐφθάρησαν,
1437 3183 1479 3240 ὦν
1504 3195 1553 3242 καί
1579 3190 1669 3255 Γάϊος

336 3265 498 3328 aequitatem
511 3274 586 3315 roeai
599 3266 782 3318 indifferenter
794 3268 892 3330 ailquid
903 3268 983 3324 terre,
1017 3264 1146 3332 Ῥοῦφος
1167 3271 1311 3332 Γεμίνιος.
1336 3266 1474 3332 ἀσεβείας
1492 3268 1548 3336 γὰρ
1566 3269 1597 3333 ἐς
1615 3271 1669 3322 τὸν

336 3345 402 3395 nibil
428 3345 511 3395 adid
540 3349 708 3397 commoreri-
742 3345 831 3396 Gnou.
869 3346 934 3397 Nem
955 3347 981 3396 di
1021 3348 1156 3418 Τιβέριον
1179 3345 1329 3413 ἐγκληθείς
1347 3372 1386 3383 --
1408 3348 1459 3398 καί
1484 3346 1589 3410 μαθών
1614 3347 1668 3400 τὸν

335 3425 405 3473 bona
424 3431 452 3472 et
469 3425 556 3482 maia,
582 3426 690 3475 honesta
710 3431 737 3475 et
755 3427 842 3488 turpia
866 3425 982 3476 iocinore
1020 3431 1129 3492 ταμίαν
1155 3424 1202 3475 ἐπὶ
1225 3422 1374 3476 δικαιώσει
1395 3424 1489 3478 αὐτοῦ
1515 3425 1667 3494 παρόντα.

336 3504 483 3564 aequaliter
510 3503 667 3561 admittunt,
696 3503 879 3562 destituunt:
909 3505 981 3567 quod
1021 3501 1112 3566 αὐτός
1131 3518 1161 3554 τε
1178 3501 1286 3556 tauros
1302 3498 1412 3571 ἔτρωσε
1436 3507 1487 3556 καί
1508 3504 1607 3574 ἐκείνῳ
1632 3523 1667 3558 so

336 3585 396 3646 quis
422 3583 548 3644 negabit?
579 3582 651 3633 lnest
676 3588 763 3633 tamen
790 3587 881 3634 neseio
907 3588 981 3634 euius
1022 3583 1138 3650 τραῦμα
1164 3579 1272 3646 δείξας,
1302 3579 1499 3650 Ἀαάγγειλον,
1526 3579 1601 3650 ἔφη.
1631 3587 1667 3657 τῇ

335 3664 462 3713 maeroris
476 3665 503 3710 in
516 3662 564 3711 bae
576 3667 707 3712 sententia
721 3663 891 3726 signiflestio.
913 3676 982 3725 quae
1021 3664 1173 3730 γερουσίᾳ,
1184 3658 1231 3713 ὅτι
1244 3657 1319 3732 ἀνὴρ
1330 3658 1424 3725 οὕτως
1433 3659 1622 3728 ἀποθνήσκει.
1636 3689 1665 3702 -

336 3744 462 3792 historiae
489 3740 607 3803 dignitati
632 3754 800 3805 nequaquem
820 3742 981 3802 adversetur,
1021 3738 1162 3802 Demetrio]
1182 3740 1281 3790 Seneca
1300 3741 1333 3790 de
1351 3740 1444 3793 Denei·
1463 3741 1499 3798 7.
1518 3741 1554 3790 8τ
1573 3743 1668 3792 Paullo

337 3829 365 3871 ut
374 3823 431 3871 sine
444 3832 522 3870 causa
536 3821 623 3869 timuit
636 3821 815 3871 iloiimeister.
828 3821 981 3871 aliusnoutii
1020 3825 1081 3869 oute
1095 3820 1252 3868 Demetrium
1269 3819 1376 3880 rettuli,
1396 3833 1471 3883 quem
1488 3821 1552 3870 miti
1563 3823 1668 3871 uideam

335 3901 595 3962 interpretationem:
616 3902 690 3950 Atesi
707 3902 835 3964 injustius
848 3901 892 3951 des
904 3901 984 3951 dieue
1021 3911 1109 3946 rerum
1126 3905 1252 3948 naturum
1269 3900 1366 3947 uostris
1383 3899 1474 3948 tulisse
1500 3901 1666 3962 temporibus,

337 3993 437 4042 opposa
462 3994 498 4028 un
524 3979 575 4028 boe
601 3980 714 4040 eoempie
736 3978 754 4029 d
777 3993 816 4028 uri
840 3983 982 4030 mououis:
1020 3983 1051 4026 ut
1076 3977 1221 4026 ostenderet
1244 3989 1292 4026 αττ
1315 3978 1389 4026 ι’ίίιιιιι
1406 3991 1423 4025 u
1440 3978 1516 4028 nobis
1534 3983 1667 4042 eorrumpi

336 4058 454 4109 eseiudit
471 4057 624 4107 vocabulum
638 4059 847 4120 eremqurerr.
877 4059 983 4121 Optime
1020 4069 1066 4106 mee
1091 4068 1140 4104 uos
1166 4055 1199 4104 ab
1224 4055 1271 4104 iiio
1295 4057 1392 4118 corripi
1412 4054 1463 4116 (sie
1481 4057 1601 4113 Fickert:
1629 4060 1664 4109 si.

338 4137 480 4187 Gutmanns
504 4138 657 4185 soseiouers
669 4134 983 4188 dieGdttermitGieieit-
1021 4133 1128 4198 eorriqs')
1144 4146 1239 4196 posse:
1266 4136 1354 4183 uirum
1370 4143 1495 4194 essetne,
1516 4137 1573 4188 lieet
1591 4145 1666 4201 risaei

335 4217 408 4265 mutis
429 4214 481 4276 auf
494 4221 554 4276 quie
566 4217 621 4263 und
634 4216 691 4265 bdse
705 4217 812 4266 seuseu.
833 4217 982 4278 (Quomodo
1020 4218 1084 4276 ipse,
1102 4215 1249 4276 supientiae
1260 4215 1399 4278 inuusque
1410 4217 1440 4263 irs
1457 4216 1496 4264 bis
1514 4229 1581 4280 quus
1604 4229 1666 4279 pro·

336 4303 424 4347 autem
439 4296 605 4344 llotisneisier
621 4296 859 4360 Weiturssebuuuuq
877 4298 920 4346 des
934 4297 984 4345 Tu·
1019 4294 1107 4355 posuit
1134 4295 1316 4356 constantine,
1347 4295 1508 4359 eloquentiae
1529 4309 1590 4345 uero
1609 4299 1665 4345 eius

335 4379 413 4426 ritus.
433 4376 515 4424 Essem
528 4374 604 4422 1831.
625 4387 650 4432 n.
671 4376 730 4423 100.
751 4378 917 4437 interpressrt
939 4389 984 4436 no·
1021 4385 1146 4434 quaeres
1163 4370 1425 4434 fortissimusdeesot
1448 4388 1502 4425 uon
1526 4379 1665 4426 eoneieeu-

336 4458 432 4506 tuerit:
460 4454 528 4502 noeis
550 4453 596 4501 der
616 4453 798 4518 Gereciitiqlreit
823 4455 871 4503 der
890 4453 984 4504 Giitter
1021 4459 1062 4502 iae
1086 4463 1134 4500 rsee
1160 4452 1191 4498 io
1215 4451 1294 4502 uerbo
1318 4453 1464 4508 sollicitae.
1495 4456 1540 4504 sed
1564 4457 1666 4517 iuqeuts'

336 4547 418 4598 qeqess
449 4540 509 4594 quie
542 4532 597 4581 uod
629 4534 754 4582 subiectus
784 4533 982 4597 Hnodlursqeu‚
1020 4533 1123 4590 auimo,
1142 4534 1223 4592 prout
1240 4531 1349 4593 impetus
1366 4533 1445 4591 tulit,
1464 4547 1506 4583 res
1523 4546 1586 4584 suus
1600 4545 1664 4597 uro·

336 4613 459 4675 equidem
479 4611 549 4660 baud
580 4611 719 4674 intelligo.)
758 4637 790 4648 -
831 4611 982 4676 eosseessus]
1019 4611 1155 4672 sequentis.
1203 4611 1271 4660 Huie
1288 4624 1342 4660 ιισα
1360 4611 1468 4670 dubito,
1496 4616 1562 4676 quies
1575 4615 1666 4676 proui-

337 4692 514 4749 eondonatus‚
534 4703 623 4753 neque
636 4691 788 4742 interiectus
801 4705 851 4742 nee
868 4695 894 4742 in
917 4695 983 4744 ersi·
1021 4689 1111 4737 dentis
1129 4694 1153 4737 ei
1170 4688 1249 4739 telem
1265 4689 1350 4740 vitum
1367 4696 1392 4740 st
1409 4691 1487 4742 talem
1504 4691 1609 4741 σίτοισί
1624 4693 1639 4755 ί
1655 4718 1666 4730 -

337 4774 400 4823 lium
430 4777 516 4820 aetus.
551 4795 574 4806 -
609 4783 642 4820 ue
667 4771 698 4819 io
726 4785 754 4820 re
780 4768 904 4836 publicu]
933 4774 983 4822 Ae·
1020 4768 1143 4817 cultatem
1160 4768 1278 4821 dederit,
1303 4779 1337 4816 us
1353 4775 1402 4818 uui
1421 4771 1564 4833 seempium
1580 4771 1665 4820 seruis

337 4853 425 4912 eluto,
453 4856 483 4901 ut
507 4849 608 4899 Rornae
628 4850 735 4912 quidem
754 4863 810 4901 esse
829 4854 853 4901 ei
873 4851 982 4910 liceret,
1019 4852 1110 4897 uestro
1129 4853 1177 4898 oui
1195 4847 1340 4896 omoieium
1357 4847 1462 4900 deesset.
1483 4849 1536 4900 Cir.
1553 4849 1600 4911 Ep.
1614 4851 1663 4900 θοι

337 4931 383 4982 sed
398 4928 535 4990 proculab
552 4929 650 4978 bonore
664 4931 735 4979 omni
753 4935 780 4980 et
797 4930 908 4991 publicis
926 4943 982 4982 mu·
1020 4932 1242 4988 ιιοορτοθΰφίῠ*
1259 4927 1332 4986 viii,
1360 4928 1406 4977 Μ
1424 4929 1504 4980 iiiiii·
1541 4929 1591 4989 ΕΡ·
1609 4928 1662 4979 ⁶2³

338 5009 455 5060 neribus.
470 5009 545 5058 Lirs.
1023 5005 1181 5054 Demetrium
1205 5006 1323 5054 uirorum
1347 5007 1473 5068 optimum
1490 5021 1590 5058 meeum
1615 5010 1665 5057 eir·

371 5087 416 5137 ii.
440 5094 565 5151 quaestor
583 5083 712 5148 romulis]
739 5086 805 5138 Nam
824 5088 886 5140 inde
904 5087 937 5137 sb
957 5103 981 5138 e.
1021 5085 1135 5147 eumiero
1167 5088 1192 5132 et
1217 5083 1315 5134 reiieiis
1340 5087 1509 5150 eoueiutiuiis
1537 5101 1594 5138 eum
1617 5087 1665 5136 iiio

338 5183 365 5220 u.
385 5166 447 5218 ito.
484 5167 585 5230 Appius
604 5165 728 5216 Claudius
753 5174 780 5216 et
797 5166 826 5218 C.
846 5168 984 5219 Norbanus
1019 5163 1154 5214 sesuiuudo
1172 5163 1283 5226 loquor,
1310 5163 1386 5214 idum
1404 5167 1531 5216 admiror.
1569 5166 1667 5230 Qutidai
