3734 5917
342 518 406 602 ιιι
713 518 1312 596 ⁴contestunixcxxxsrouittnts

340 676 517 744 temeritate
537 678 661 744 bostem
682 677 717 746 in
737 678 892 767 praelium
914 679 1054 750 eliceret.
1091 681 1190 748 atilli
1211 681 1265 751 vix
1287 679 1500 750 contubermo
1521 683 1699 758 extracti,

340 810 401 856 nee
421 789 507 856 alind
527 811 621 878 quam
642 793 838 860 munimenta
859 791 1116 880 propugnabant,
1138 815 1211 882 pars
1232 795 1320 862 iussu
1341 794 1448 873 ducis,
1472 805 1504 862 et
1525 797 1579 864 alii
1601 816 1698 884 pro-

341 902 410 989 pria
430 903 572 988 ignavia,
605 912 641 969 ut
663 906 875 973 Corbulonem
899 909 1119 992 opperientes,
1153 928 1191 976 ac
1212 909 1260 974 vis
1280 911 1309 974 si
1328 911 1508 996 ingrueret,
1541 911 1700 995 provisis

342 1016 495 1101 exemplis
517 1017 625 1084 Caudii
648 1025 681 1084 et
701 1019 896 1099 Numantiae.
919 1041 1024 1108 neque
1039 1022 1173 1086 eandem
1191 1023 1254 1088 vim
1276 1022 1468 1090 Samnitibus
1489 1024 1597 1102 Italico
1618 1042 1699 1110 po-

319 1129 415 1218 epulo
438 1138 492 1195 aut
511 1133 645 1210 Poenis,
678 1132 813 1199 iiomani
833 1133 960 1218 imperii
981 1133 1122 1202 aemulis.
1158 1135 1293 1202 validam
1319 1157 1446 1223 quoque
1468 1142 1501 1207 et
1519 1135 1696 1202 laudatam

341 1241 571 1329 antiquitatem,
602 1246 747 1328 quotiens
768 1243 895 1312 fortuna
916 1249 1154 1324 contraderet,
1183 1247 1277 1314 saluii
1298 1247 1502 1316 consuluisse.
1539 1269 1600 1336 qua
1621 1251 1695 1314 de-

341 1355 521 1442 speratione
555 1358 711 1424 exercitns
740 1361 807 1424 dux
835 1361 981 1424 subactus
1011 1359 1127 1446 primas
1155 1367 1259 1429 tamen
1286 1359 1405 1426 litteras
1433 1360 1473 1427 ad
1499 1360 1692 1447 Vologesen

340 1489 404 1542 non
432 1469 589 1558 supplices
616 1472 673 1536 sed
701 1471 735 1536 in
765 1474 894 1537 modum
921 1474 1082 1558 querentis
1104 1475 1298 1558 composuit,
1334 1476 1419 1560 quod
1441 1495 1500 1561 pro
1522 1474 1689 1542 Armeniis

340 1603 465 1672 semper
485 1588 644 1650 Romanae
666 1581 813 1661 dicionis,
845 1591 899 1651 aui
926 1582 1077 1652 subiectis
1098 1587 1168 1672 regi
1189 1607 1283 1672 quem
1303 1587 1476 1672 imperator
1496 1586 1684 1674 delegisset,

408 1808 433 1859 t.
452 1801 499 1870 ot]
527 1811 576 1857 eet
598 1805 638 1857 Μ.
663 1805 764 1856 Vitium
785 1805 897 1858 correxit
922 1804 1077 1856 libenanus·
1104 1829 1138 1840 -
1165 1819 1198 1856 oc
1212 1806 1252 1856 oie
1270 1807 1294 1856 et
1311 1806 1445 1858 Waltber:
1465 1820 1497 1858 ne
1517 1809 1556 1858 oie
1578 1807 1620 1866 ti,
1642 1821 1681 1858 sse

340 1879 363 1932 el
388 1881 428 1929 oie
455 1890 515 1928 eunt
541 1876 628 1927 Gueii.
648 1883 675 1928 et
691 1875 837 1927 Puteolano
861 1875 892 1923 ii.
913 1897 945 1912 ·-
971 1875 998 1926 t.
1019 1873 1116 1927 Caedit
1142 1883 1167 1926 et
1184 1874 1353 1930 Numantiae.
1372 1891 1458 1941 aeque
1475 1879 1583 1929 eunden
1601 1877 1681 1928 Orei-

339 1953 405 2002 iius:
425 1949 519 1999 medie
535 1959 634 1997 oseem
650 1946 921 2011 semipotentiam
937 1945 966 1996 Μ
984 1945 1066 2009 (uon,
1095 1952 1125 1996 ut
1142 1953 1262 1996 narratur
1284 1947 1353 2010 apud
1372 1948 1535 2008 lieixlxernm,
1564 1949 1679 2000 caudicae

338 2021 543 2081 sementemque
561 2016 695 2077 eoadem),
717 2015 849 2068 casdim
867 2030 899 2066 oe
915 2014 1097 2066 Numantinae
1116 2016 1208 2066 clodis.
1226 2030 1308 2081 oeque
1329 2019 1437 2068 eoadem
1456 2032 1515 2070 eunt
1536 2018 1623 2071 Gueil.
1647 2025 1679 2068 et

338 2091 485 2144 Puteolano
503 2088 535 2138 B·
555 2087 609 2139 Sed
626 2086 786 2139 offendimus
803 2090 830 2138 in
849 2091 917 2148 past.
938 2099 972 2138 oe
988 2089 1076 2138 statim
1095 2091 1222 2149 repetita.
1248 2094 1275 2138 et
1292 2089 1376 2139 clodia
1396 2094 1435 2141 eet
1454 2101 1486 2142 ex
1505 2103 1575 2140 mera
1594 2093 1679 2140 iater-

341 2161 493 2227 poixtione,
524 2173 572 2222 pro
601 2172 654 2222 qua
681 2158 789 2210 aiteram
812 2157 955 2208 modicata
979 2158 1086 2210 exbibet
1105 2156 1170 2208 cod.
1190 2159 1251 2222 bgr.
1269 2159 1347 2210 caudi
1365 2158 1403 2212 Μ.
1422 2161 1532 2222 antiqua
1552 2167 1592 2212 est
1610 2163 1678 2210 sert·

340 2242 417 2296 ptura
436 2245 483 2294 pro
502 2229 615 2288 Caedit,
643 2242 657 2280 e
683 2234 770 2281 autem
790 2231 960 2289 praeceptum
979 2241 1009 2278 ex
1028 2241 1051 2280 ι.
1071 2233 1105 2276 et.
1135 2251 1163 2263 -
1188 2227 1215 2278 b.
1234 2237 1283 2278 out
1301 2229 1395 2279 Poenis
1413 2232 1439 2281 Μ
1459 2227 1594 2292 (seriptum
1608 2241 1676 2292 poe·

310 2319 316 2346 .·
338 2305 408 2359 sebi:
428 2308 476 2355 out
493 2299 622 2365 Hisponis
641 2297 733 2364 [quom
750 2294 867 2360 Partitis]
885 2297 908 2346 i.
926 2298 970 2348 iir.
991 2297 1122 2350 Grenoaio
1139 2303 1248 2350 sumere
1266 2297 1298 2348 it.
1319 2325 1346 2338 -
1368 2298 1492 2366 liemoai]
1508 2315 1542 2354 oe
1559 2300 1676 2354 ltomesai

338 2373 465 2438 liuebuer
482 2375 555 2423 coni.
574 2397 603 2410 -
623 2369 713 2422 emulis
730 2369 769 2422 Μ.
790 2395 818 2407 -
839 2368 866 2419 7.
885 2368 1031 2436 uolopeaeai
1048 2364 1105 2434 (sic)
1123 2368 1162 2421 Μ.
1185 2395 1213 2406 -
1233 2367 1261 2419 ii.
1279 2370 1319 2422 rei
1336 2369 1375 2422 Μ.

339 2566 435 2622 elias.
450 2563 565 2619 edebant
582 2574 745 2629 oppugnare.
761 2587 789 2599 -
810 2561 883 2611 tosto
900 2555 985 2624 decis]
1024 2571 1109 2625 seque
1128 2557 1225 2624 digna,
1254 2567 1333 2626 atque
1353 2561 1464 2626 ignaria.
1490 2585 1522 2599 -
1548 2559 1671 2626 praebia]

338 2651 386 2715 qui
409 2651 466 2709 ipse
485 2658 594 2713 quoque
619 2657 634 2695 e
660 2644 751 2694 caetris
770 2654 910 2703 erumpere
933 2653 986 2692 non
1024 2643 1093 2692 siam
1106 2649 1166 2694 ante
1179 2644 1342 2704 praeparatis
1354 2655 1386 2693 ac
1398 2645 1554 2707 quaesitis.»
1573 2643 1670 2694 Amare

338 2727 466 2780 audebat.
492 2751 524 2763 -
550 2725 681 2791 ipeoeto,
705 2728 736 2772 ast
754 2720 924 2772 wisconem
942 2733 987 2783 op·
1024 2719 1141 2771 dietumr
1176 2720 1273 2772 sitast
1295 2735 1414 2784 poeseos
1440 2722 1471 2774 de
1491 2759 1498 2776 .
1519 2753 1556 2772 ..
1586 2722 1671 2774 liotae

335 2803 481 2872 pertentes]
511 2805 648 2866 Propriam
673 2802 818 2864 ignasiam,
846 2812 916 2862 quae
942 2812 986 2851 eos
1023 2809 1084 2853 sunt
1097 2801 1183 2852 clades
1196 2800 1315 2853 Caudina
1333 2801 1369 2865 (a.
1384 2817 1410 2853 u.
1425 2799 1500 2866 433.)
1518 2809 1544 2854 ιι
1555 2803 1670 2854 Numan·

338 2884 518 2950 impediebat,
545 2897 579 2934 ne
606 2884 772 2943 eruptionem
795 2881 882 2932 iacere
907 2878 987 2930 aude·
1024 2883 1078 2932 tina
1096 2881 1132 2946 (a.
1146 2895 1174 2934 u.
1187 2879 1262 2944 617.)
1282 2881 1388 2932 Duras.
1405 2907 1433 2919 -
1452 2895 1535 2945 aeqos
1551 2879 1667 2945 suadent]

338 2973 418 3026 sent,
442 2968 477 3016 ita
496 2961 697 3014 dissimulabant
714 2969 795 3023 atque
815 2959 985 3018 excusabant,
1025 2959 1090 3012 Cum
1108 2963 1149 3014 vir
1169 2968 1258 3024 putem
1277 2959 1351 3020 iore,
1372 2965 1402 3011 ut
1419 2965 1562 3026 quisquam
1581 2961 1668 3012 lineb-

338 3051 369 3098 ut
387 3045 506 3096 dicerent
522 3058 569 3104 ss,
588 3045 741 3107 priusquam
761 3040 910 3092 aduenisset
923 3039 987 3090 Gor·
1024 3044 1080 3094 neri
1107 3042 1223 3104 quamtis
1246 3043 1407 3104 ingeniosam
1433 3045 1612 3094 coniecturam
1637 3055 1668 3092 ue

337 3125 419 3186 bulo,
437 3123 562 3174 dimicare
581 3135 635 3172 non
653 3133 739 3184 posse.
757 3119 831 3172 liled.
846 3119 986 3170 lectionem
1023 3121 1135 3170 Romani
1148 3123 1268 3184 recipiat,
1283 3122 1348 3170 baec
1361 3124 1397 3172 ita
1410 3121 1563 3182 explicanda
1576 3127 1663 3172 erunt:

338 3211 387 3256 out
399 3205 537 3256 restituere
549 3203 658 3253 llacbet
670 3199 796 3252 Dnebner
810 3200 985 3262 praetulitque
1025 3213 1130 3262 cneque
1153 3213 1216 3252 vero
1240 3201 1351 3252 eandem
1380 3207 1460 3262 atque
1478 3214 1550 3252 nunc
1567 3201 1665 3252 Peribis

337 3284 518 3346 Doederlein,
535 3283 571 3333 ita
587 3281 754 3334 defendens:
776 3280 860 3330 «Pars
872 3279 985 3328 miiitum
1023 3275 1060 3342 (id
1074 3287 1114 3330 est
1126 3279 1207 3331 multo
1223 3281 1350 3332 minorem
1364 3293 1443 3345 quam
1455 3279 1569 3344 Peribis)
1587 3281 1664 3333 inisse

337 3365 406 3417 intra
426 3361 596 3415 contubernia
614 3373 642 3411 se
660 3361 761 3410 tenuit»
779 3358 840 3423 (boe
858 3360 986 3411 teromi·
1023 3360 1084 3410 oiim
1113 3363 1165 3412 vim
1196 3359 1358 3411 Samnitibus
1392 3367 1439 3411 aut
1472 3359 1589 3423 Poenis,
1620 3361 1665 3413 etsi

337 3449 409 3498 nime
436 3443 584 3506 signiticant
608 3452 649 3491 ιι.
669 3439 710 3488 tttt
735 3441 783 3492 oia
809 3437 986 3488 contuberniis
1024 3444 1145 3502 utrisque
1164 3439 1265 3492 diverso
1289 3447 1407 3502 tempore
1425 3441 1540 3492 Romani
1566 3441 1664 3504 imperii

337 3516 986 3586 eatroettqoporamnotmentapropugoabat
1023 3520 1160 3572 aemuliss
1187 3543 1219 3555 -
1250 3527 1299 3570 eut
1321 3517 1429 3585 Poenis]
1458 3521 1562 3582 Disperi
1590 3520 1664 3572 modo

337 3601 521 3661 luesuducie,
537 3596 984 3664 poreibidemagebxtsuasponte,
1023 3601 1087 3651 baec
1113 3597 1184 3650 Med.
1218 3597 1296 3650 lectio
1328 3611 1416 3660 nuper
1448 3599 1558 3652 detensa
1585 3606 1624 3652 est
1650 3611 1665 3650 a

337 3691 384 3738 aut
403 3684 659 3746 prorsusottantes,
690 3685 737 3730 aut
758 3679 835 3729 anxie
858 3676 984 3728 Corbulo·
1022 3679 1167 3730 Duebnero
1191 3677 1465 3731 etalioederieinio.
1501 3679 1569 3742 lile,
1594 3691 1665 3743 prae·

337 3768 379 3818 ais
398 3764 539 3817 adrentum
559 3763 777 3822 prospectantes:
800 3769 879 3808 nemo
896 3763 984 3808 autem
1023 3768 1103 3811 eunte
1128 3772 1159 3810 ex
1181 3763 1255 3820 parte
1280 3757 1435 3823 Waitbero,
1467 3761 1506 3810 sic
1534 3759 1663 3822 disputat:

337 3856 477 3909 erumpere
500 3841 541 3893 sel
564 3853 623 3892 cum
641 3840 716 3891 boote
734 3821 773 3888 ad
786 3850 899 3901 pugnam
919 3839 984 3887 insi·
1023 3852 1056 3890 so
1075 3833 1178 3900 Poenis]
1204 3835 1262 3889 Non
1281 3851 1295 3889 a
1313 3839 1596 3902 Karthaginiensibus,
1619 3839 1663 3890 sed

336 3932 409 3978 tante
435 3922 576 3986 conligere
601 3918 742 3981 cupiebst3
774 3917 890 3980 deniqne
917 3916 984 3968 sola·
1021 3919 1054 3970 ab
1073 3917 1211 3980 Hispanis,
1232 3931 1302 3968 nono
1320 3931 1390 3969 anno
1405 3926 1464 3980 post
1475 3919 1663 3984 Karthaginem

337 4008 403 4056 uum
423 4003 600 4065 captivitatis,
619 4000 641 4050 ιΙ
656 3998 796 4062 Vologeses
810 4002 985 4061 expugnasset
1022 3998 1149 4058 deletam,
1168 3997 1238 4048 iliata
1251 3997 1375 4050 Romanis
1389 3997 1474 4050 clades
1487 3998 1663 4050 Numantinae

337 4090 439 4143 caetra,
458 4078 713 4142 circumspectabant
729 4077 780 4128 xiia
800 4075 982 4127 Romanorum
1021 4077 1189 4128 nibilominus
1216 4089 1275 4127 eum
1300 4078 1428 4128 artissime
1455 4079 1595 4131 cobaereat
1611 4079 1664 4128 iiu-

335 4166 494 4228 subiugum
513 4164 651 4211 missorum
670 4156 818 4219 exempta.»
867 4157 902 4206 Αι
920 4168 982 4208 vero
1020 4159 1166 4207 montinum
1193 4155 1289 4208 beilum
1317 4169 1376 4207 eum
1394 4156 1499 4208 Punicis
1526 4165 1553 4210 et
1572 4161 1598 4208 in
1619 4158 1662 4207 iii·

337 4245 446 4297 Tacitus
465 4254 518 4292 non
536 4243 603 4300 tria,
623 4239 670 4289 sed
689 4239 743 4289 dno
762 4237 899 4308 dumtaxat
915 4236 983 4287 mili·
1019 4241 1111 4299 spania
1140 4234 1186 4286 diu
1213 4235 1388 4288 cum-Poenis
1414 4247 1484 4288 esset
1501 4237 1664 4296 dimicatum,

221 4366 223 4377 .
336 4332 393 4378 tum
412 4334 507 4387 genera
527 4319 671 4379 describit,
698 4318 808 4369 aiterum
828 4317 901 4368 tarde
919 4316 982 4367 obe·
1018 4332 1035 4370 a
1062 4315 1186 4366 militibus
1214 4315 1296 4364 Poeni
1321 4317 1353 4366 ab
1390 4317 1433 4366 iiio
1461 4311 1535 4368 beilo¹
1557 4320 1664 4369 minime

336 4407 486 4463 dieutium,
515 4402 560 4464 qui
585 4414 599 4452 e
618 4397 798 4451 contuberniis
817 4399 855 4448 six
876 4396 981 4447 tandem
1019 4397 1117 4453 alieni,
1134 4395 1243 4446 tortasse
1262 4395 1331 4459 vulgi
1345 4395 1457 4447 Romani
1477 4396 1590 4459 quadam
1604 4410 1664 4448 eon·

338 4486 436 4552 egressi
455 4486 530 4534 erant
548 4483 575 4530 in
594 4481 757 4530 munimenta
781 4483 889 4540 propter
906 4476 981 4527 Paeti
1020 4475 1176 4533 suetudine,
1192 4480 1312 4536 poterant
1325 4479 1408 4526 citari.
1444 4476 1483 4527 De
1502 4489 1530 4526 re
1549 4489 1601 4527 non
1619 4476 1664 4527 ab·

335 4569 455 4623 iussum,
474 4573 524 4612 uec
543 4567 631 4610 temen
644 4559 729 4621 ignari
743 4559 829 4608 vocari
843 4561 980 4618 poterant;
1018 4555 1096 4607 simili
1116 4555 1214 4605 dictum
1233 4553 1265 4616 e,
1286 4555 1337 4605 it:
1357 4559 1475 4606 exustum
1491 4555 1582 4606 aoeieie'
1599 4555 1663 4606 bello

334 4647 445 4699 alterum
464 4640 576 4702 turpiter
599 4641 769 4702 ignavorum,
798 4638 845 4699 qui
872 4635 981 4699 quidem
1020 4633 1419 4699 Cupitoitomproototttbeiio‚
1441 4635 1662 4698 quodliiudmox

334 4725 420 4792 pelam
445 4720 565 4774 obtentui
590 4715 731 4770 sumebant
755 4716 897 4769 adtentum
918 4714 982 4766 Cor·
1019 4717 1148 4775 excepit.»
1192 4713 1287 4765 Contra
1312 4712 1487 4767 Doederleint
1517 4709 1662 4766 «Samnites

333 4806 439 4860 bulonia
469 4813 527 4852 esse
554 4795 768 4862 opperiendum,
799 4796 865 4847 elam
892 4802 980 4848 autem
1018 4807 1049 4845 ae
1063 4793 1145 4845 Poeni
1163 4793 1212 4843 soit
1232 4795 1284 4843 dici
1305 4799 1416 4856 possunt
1434 4795 1537 4857 imperii
1551 4795 1661 4846 iiomaut

332 4899 391 4940 sese
418 4879 623 4934 consolabantur
656 4877 789 4939 prioribus
819 4877 981 4940 ignominiae
1018 4874 1131 4934 semnii;
1153 4873 1485 4938 qnorumiiiideitaiiae,
1504 4875 1662 4927 bideorbis

334 4963 478 5025 exampliat
510 4962 608 5012 etenim
632 4959 660 5008 in
679 4957 719 5007 bis
736 4970 778 5007 ιι.
795 4956 884 5005 cecis
901 4956 924 5004 ιι·
941 4977 980 4990 --
1019 4964 1146 5006 terrarum
1174 4955 1283 5014 imperio
1312 4966 1372 5004 cum
1397 4955 1521 5005 Romanis
1547 4963 1661 5006 certam·

333 5043 494 5098 Numantiae
512 5039 628 5102 proiecto
646 5035 979 5098 nibiialiudinestquam
1018 5043 1097 5092 eunte
1124 5033 1241 5096 reliquae
1260 5040 1370 5097 gentes,
1395 5041 1425 5084 ut
1443 5033 1570 5098 liispani,
1600 5033 1662 5087 Ger·

334 5127 427 5176 iterate
457 5123 577 5185 ignaviae
605 5120 695 5170 notio,
735 5116 890 5177 neutiquam
918 5127 979 5168 sero
1018 5117 1102 5168 mant,
1131 5113 1237 5174 Partiri,
1262 5115 1325 5163 satie
1349 5109 1499 5164 babuerunt
1518 5127 1593 5165 enam
1612 5117 1661 5177 ipsi

332 5204 384 5262 etis
412 5201 502 5266 aitqua
534 5201 638 5256 allectio
664 5197 745 5252 animi
773 5193 979 5262 reprehensione
1017 5195 1165 5274 libertatem
1192 5193 1319 5250 adsersus
1346 5193 1479 5248 liomanos
1505 5193 1660 5252 detondere.
