3734 5917
612 499 733 564 crena
752 499 778 570 1.
821 501 893 586 cap.
916 501 969 564 ns.
990 499 1043 568 eo.
1064 501 1118 573 aa.
1493 504 1533 568 m

201 658 345 726 callidum
368 657 437 728 eius
457 656 637 744 ingenium,
660 659 704 723 ita
720 660 849 725 anxium
871 656 1032 726 indicium.
1054 659 1263 748 nequeenim
1285 662 1450 734 eminentis
1469 659 1536 728 rir-

201 781 281 839 tutes
302 771 493 850 sectabatur,
526 780 558 837 et
583 791 706 836 rursum
732 770 806 838 vitia
828 774 955 839 oderat:
994 792 1035 838 er
1055 774 1183 858 optimis
1203 772 1378 862 periculum
1401 773 1481 852 sibi,
1516 796 1535 840 a

200 887 343 972 pessimis
365 887 502 950 dedecus
522 881 682 971 publicum
703 882 873 950 metuebat.
907 906 971 973 qua
990 886 1195 952 haesitatione
1215 894 1378 970 postremo
1400 907 1440 953 eo
1461 908 1536 973 pro-

199 1007 306 1066 vectus
333 1005 443 1066 estut
471 998 667 1064 mandaverit
692 995 878 1082 quibusdam
905 999 1096 1082 provincias,
1133 1019 1213 1084 quos
1241 999 1350 1086 egredi
1370 998 1450 1067 urbe
1472 1022 1537 1067 non

200 1122 266 1180 erat
285 1131 445 1196 pessuma.
934 1155 936 1158 >
1205 1184 1219 1200 ,
1546 1140 1559 1182 s

284 1223 345 1310 (ei)
368 1229 415 1291 lle
443 1223 577 1291 comitiis
605 1221 841 1301 consularibus,
878 1244 959 1311 quae
988 1230 1054 1290 tnm
1080 1226 1218 1311 primum
1244 1223 1300 1292 ilio
1327 1225 1468 1315 principe
1498 1248 1536 1292 ac

199 1337 346 1427 deinceps
373 1340 479 1416 luere,
512 1339 567 1407 vix
597 1344 762 1429 quicquam
790 1336 917 1404 firmare
935 1337 1061 1434 ausim:
1101 1341 1180 1404 adeo
1207 1336 1332 1436 divense
1352 1361 1416 1406 non
1439 1343 1535 1406 modo

199 1456 283 1538 apud
311 1462 455 1520 auctores
484 1456 538 1519 sed
568 1453 601 1520 in
629 1455 729 1542 ipsius
757 1449 955 1520 orationibus
982 1451 1194 1538 reperiuntur.
1240 1455 1335 1518 modo
1370 1451 1536 1520 subtractis

199 1565 439 1633 candidatorum
463 1565 642 1634 nominibus
664 1568 818 1652 originem
839 1566 991 1652 cuiusque
1013 1573 1045 1632 et
1065 1564 1160 1633 ritem
1182 1573 1214 1630 et
1234 1563 1390 1654 stipendia
1418 1569 1537 1632 descri-

199 1681 277 1765 psit,
310 1689 345 1748 nt
375 1681 429 1765 qui
460 1678 566 1748 forent
593 1680 843 1766 intellegeretur:
881 1677 1051 1764 aliquando
1082 1698 1120 1744 ea
1147 1699 1275 1765 quoque
1307 1677 1534 1764 significatione
1544 1712 1573 1752 ω

198 1791 371 1868 subtracta,
404 1796 585 1859 candidatos
606 1798 748 1861 hortatus
770 1813 809 1858 ne
833 1789 953 1888 ambitu
975 1790 1102 1857 comitia
1123 1789 1300 1867 turbarent,
1329 1812 1417 1858 suam
1439 1790 1535 1859 adid

198 1927 304 1972 curam
325 1903 482 1990 pollicitus
503 1914 562 1972 est.
595 1909 782 1994 plerumque
805 1925 860 1972 eos
883 1913 1002 1974 tantum
1023 1907 1106 1990 apud
1128 1926 1164 1970 se
1184 1902 1345 1988 professos
1365 1904 1532 1982 disseruit,

198 2039 332 2106 quornm
354 2001 481 2085 nomina
503 2018 683 2086 consulibus
706 2018 869 2086 edidisset:
906 2038 1001 2103 posse
1023 2023 1054 2082 et
1074 2016 1153 2082 alios
1176 2015 1334 2106 profiteri,
1368 2019 1394 2084 si
1416 2018 1534 2104 gredae

196 2141 251 2198 aut
271 2131 393 2200 meritis
416 2129 619 2200 confiderent.
640 2132 782 2220 speciose
802 2130 925 2206 verbis,
959 2150 997 2196 re
1017 2132 1122 2196 inania
1143 2136 1196 2198 eut
1216 2129 1369 2208 subdola,
1402 2139 1534 2217 quanto-

197 2265 259 2330 que
292 2243 412 2311 maiore
440 2244 590 2312 libertatis
619 2247 756 2330 imagine
788 2247 990 2332 tegebantur,
1027 2252 1115 2310 muto
1141 2253 1292 2333 emptura
1318 2248 1357 2311 ad
1384 2244 1570 2314 intensiusss

151 2369 154 2376 ’
196 2357 370 2424 servitium.

248 2512 275 2562 i.
295 2513 405 2562 virtutis
422 2511 460 2564 Μ.
491 2537 519 2550 -
552 2512 579 2562 b.
608 2513 658 2564 atla·
674 2511 725 2564 citt
742 2515 799 2564 siue
820 2515 1033 2575 interpunctione
1049 2509 1088 2564 ii.
1106 2535 1141 2548 ·-
1161 2511 1190 2566 4.
1210 2511 1377 2576 ootbmtdom
1394 2511 1434 2564 Μ.
1456 2536 1485 2549 -
1505 2513 1533 2568 8.

197 2590 262 2644 opat
283 2589 391 2634 auterre
409 2583 447 2634 Μ.
468 2606 498 2619 -
519 2582 606 2635 ilabet
623 2583 648 2636 b.
670 2584 687 2636 Ι.
705 2584 751 2633 aad
767 2583 806 2634 Μ.
827 2607 858 2620 -
883 2586 1071 2650 repperiuntur
1088 2582 1126 2634 Μ.
1145 2607 1180 2618 -
1199 2583 1241 2634 to.
1260 2585 1374 2650 intelisg.
1393 2584 1438 2634 it:
1459 2583 1535 2634 intel·

196 2653 243 2717 lig.
261 2653 292 2701 ll.
315 2679 343 2689 -
365 2653 408 2703 te.
429 2657 496 2714 opat
513 2652 551 2703 Μ.
575 2680 601 2692 -
629 2651 673 2704 id.
692 2655 722 2704 io
738 2657 851 2719 spetioso
868 2653 906 2706 Μ.
930 2680 963 2693 -
990 2653 1363 2706 id.scruitium.Flli1TP.
1384 2653 1537 2706 continui

196 2723 263 2774 tiit.
284 2722 306 2774 l.
329 2719 342 2776 it
360 2721 495 2774 iactatis
509 2723 625 2775 blBll'li.
645 2725 682 2774 11.

229 2876 273 2928 8¹.
293 2881 350 2927 tom
364 2873 494 2942 primam]
513 2879 631 2932 secundo
649 2891 719 2931 anno
733 2878 842 2939 Tiberii,
883 2878 1041 2932 electionis?
1070 2879 1157 2931 Nimia
1176 2878 1263 2931 bercia
1282 2877 1405 2932 brevitas.
1429 2878 1531 2932 Wonr.

197 2971 248 3021 quo
266 2960 379 3019 primum
392 2958 538 3022 designarit
550 2961 689 3020 consules;
710 2972 770 3011 urm
785 2972 844 3020 pro·
882 2959 1046 3011 Probabtttor
1062 2960 1167 3012 ridetur
1178 2959 1357 3012 Doederleinti
1371 2961 1530 3023 explicatio:

196 3041 264 3090 rime
289 3041 377 3100 priore
395 3037 572 3090 destinaverat
589 3039 731 3103 Augustus.
763 3039 844 3089 llata-
884 3040 976 3092 «Unde
993 3042 1073 3104 igitur
1091 3042 1270 3092 coniecturam
1289 3040 1322 3092 de
1340 3043 1468 3105 principis
1487 3054 1532 3093 ro·

196 3130 255 3178 capa
282 3118 399 3182 intellige
426 3117 459 3170 de
489 3119 598 3182 reticula
623 3121 699 3172 aunis
724 3121 843 3174 eiusdem
882 3120 982 3172 iuutete
1000 3119 1087 3174 tacere
1105 3126 1228 3182 poteram
1244 3127 1348 3184 patrer,
1377 3133 1437 3172 cum
1465 3121 1531 3173 nibil

196 3197 314 3257 Tiburti,
338 3211 393 3249 uon
417 3196 450 3250 de
469 3200 666 3252 successoribus
682 3201 749 3252 cius.
787 3199 842 3252 Cir.
882 3199 1283 3264 prorsoasignitieabatcaeaart
1302 3200 1354 3254 Per
1367 3203 1437 3265 ipsos
1450 3201 1530 3254 credo

196 3277 246 3328 ilio
271 3277 324 3336 58,
353 3278 397 3327 20.
429 3277 527 3329 Wour.
556 3304 586 3317 -
614 3276 842 3344 marendulio
881 3281 1053 3338 cardicum,
1084 3283 1130 3344 qut
1149 3282 1270 3333 nonsibi
1289 3281 1431 3343 damnent,
1464 3285 1530 3344 quin

197 3359 277 3420 igitur
302 3359 422 3420 privatim
446 3357 589 3420 aliquando
607 3360 762 3414 candidatos
779 3373 843 3414 suos
881 3375 971 3416 euram
997 3362 1048 3414 siti
1074 3361 1193 3413 Camena
1223 3364 1377 3424 omniurn
1403 3364 1531 3415 iactarem

196 3438 380 3490 conmendare
397 3439 460 3490 satta
478 3438 588 3497 babuit,
617 3441 643 3492 tn
662 3447 755 3493 senatu
779 3453 841 3492 vero
880 3443 966 3506 patrm
984 3455 1018 3494 rc
1035 3442 1229 3506 divulgarent.»

195 3519 315 3582 ignarum
328 3519 397 3582 egit,
415 3517 582 3571 simulacrum
595 3520 725 3582 praetem
743 3520 840 3574 liberes
