3734 5917
616 491 735 561 susa
755 492 810 560 tr.
854 493 929 579 cap.
952 493 1006 559 tc.
1030 493 1083 560 tr.
1103 492 1157 559 ta.
1179 493 1233 560 ts.
1529 489 1590 558 ast

258 673 329 718 rum
359 659 414 718 aut
441 671 554 720 somno
581 659 614 719 et
636 652 709 719 rino
731 649 954 738 procumbere.
997 654 1092 738 igitur
1111 651 1218 718 hostes
1238 649 1358 718 monna
1380 669 1492 717 eorum
1516 669 1592 716 cou-

258 772 348 850 pertu
369 768 433 831 duo
454 771 577 852 agmina
598 775 726 854 parant,
763 787 897 852 qnorum
919 764 1019 833 altero
1041 767 1243 853 populatores
1265 765 1502 842 invaderentur,
1539 761 1591 828 alii

258 885 358 944 castra
386 883 526 946 Romana
546 879 779 968 adpugnareut,
813 898 877 944 non
903 897 959 966 spe
983 877 1145 963 capiendi,
1181 880 1236 944 scd
1258 878 1468 952 attinuere,
1503 874 1589 954 telis,

258 1011 316 1058 suo
347 992 480 1079 quisque
509 993 651 1079 periculo
681 995 818 1059 intentus
849 1009 998 1060 sonorem
1030 991 1158 1058 alterius
1189 990 1305 1076 proelii
1336 1011 1402 1056 uon
1422 989 1589 1074 acciperet.

256 1103 406 1173 tenebrae
437 1106 569 1192 insuper
597 1105 739 1173 delectae
770 1108 946 1191 augendam
977 1109 1017 1172 ad
1046 1103 1258 1172 formidinem.
1305 1107 1362 1170 sed
1393 1103 1448 1192 qui
1473 1103 1613 1170 vallum

256 1218 416 1306 legionum
437 1218 612 1299 tentabant,
633 1219 724 1286 iacile
744 1218 922 1307 pelluntur3
945 1221 1122 1286 Thraecum
1143 1217 1257 1286 auxilia
1271 1220 1439 1306 repentino
1460 1219 1590 1284 incursu

255 1331 382 1411 territa,
405 1353 478 1399 cum
499 1354 573 1418 pars
593 1333 822 1402 munitionibus
842 1335 1038 1409 adiacerent,
1059 1335 1167 1420 plutas
1190 1342 1279 1399 extra
1289 1333 1484 1420 palarentur,
1503 1337 1590 1396 tanto

254 1445 408 1513 intensius
443 1449 526 1512 caesi
558 1459 674 1536 quanto
708 1449 862 1535 perfugae
886 1455 919 1512 et
939 1449 1117 1533 proditores
1137 1444 1222 1512 ierre
1250 1463 1336 1512 mma
1355 1447 1396 1512 ad
1421 1465 1513 1510 suum
1535 1463 1591 1530 pa-

253 1560 395 1646 triaeque
426 1559 590 1627 servitium
620 1563 854 1627 incusabantur.
903 1557 966 1644 (itt)
996 1565 1123 1647 postera
1161 1556 1213 1624 die
1247 1557 1381 1626 Sabinus
1416 1557 1590 1627 executum

255 1691 359 1759 aequo
380 1654 452 1739 loco
474 1675 625 1751 ostendit,
650 1676 676 1740 si
699 1670 827 1739 barbari
849 1692 995 1739 successu
1010 1673 1111 1739 noctis
1124 1672 1242 1739 alacres
1256 1671 1412 1757 proelium
1426 1673 1627 1738 auderanno·

255 1794 287 1851 et
309 1793 475 1874 postquam
497 1787 626 1854 castello
646 1795 700 1853 aut
721 1785 894 1852 coniunctis
908 1781 1036 1852 tumulis
1051 1805 1114 1853 uon
1129 1785 1409 1872 degrediebautur,
1433 1783 1590 1850 obsidium

254 1900 359 1986 coepit
386 1916 446 1986 per
476 1899 650 1986 praesidia,
684 1918 765 1988 quae
798 1907 975 1987 opportune
1003 1900 1065 1966 iam
1087 1898 1262 1980 muniebat3
1284 1903 1357 1966 dein
1378 1897 1493 1965 fossam
1514 1897 1591 1964 leri·

254 2031 386 2096 cumque
417 2021 586 2079 contexens
617 2021 765 2100 quattmr
795 2012 881 2079 mulia
911 2032 1063 2097 passuum
1094 2015 1214 2080 ambitu
1240 2013 1403 2099 amplexus
1426 2019 1489 2092 ests
1522 2020 1590 2078 tum

254 2127 423 2209 paulatim,
456 2132 493 2190 ut
521 2145 633 2212 aqoam
659 2125 874 2213 pabulumque
901 2127 1054 2214 eriperet,
1088 2130 1274 2193 contrahere
1301 2127 1437 2194 claustra
1460 2133 1590 2214 artaque

253 2237 469 2320 circumdare;
504 2249 538 2304 et
568 2241 748 2304 struebatur
763 2255 890 2325 ‘uppem
921 2243 1006 2305 unde
1038 2259 1113 2306 saxa
1138 2244 1243 2307 bastae
1268 2239 1357 2327 ignes
1377 2241 1588 2328 propinquum
1597 2255 1626 2300 tt

254 2353 369 2418 iamin
392 2356 514 2419 bostem
535 2353 723 2418 iacerentur.
756 2353 812 2418 sed
833 2353 911 2419 uibil
932 2371 1033 2440 aequa
1054 2373 1147 2442 quam
1169 2356 1237 2420 sitis
1257 2352 1426 2439 fatigabat,
1448 2373 1520 2420 urm
1540 2354 1589 2418 in·

253 2483 332 2550 geue
351 2466 518 2533 multitudo
539 2466 727 2533 bellatorum
747 2465 910 2532 inbellium
930 2485 996 2532 uuo
1019 2468 1142 2554 reliquo
1162 2465 1250 2534 ioutc
1269 2473 1444 2534 uterentur.
1480 2464 1589 2533 simul·

254 2597 317 2663 qua
338 2587 496 2657 armenta,
519 2586 554 2646 ut
574 2597 644 2646 mos
664 2577 824 2654 barbaris,
846 2584 933 2646 iuxta
956 2579 1078 2657 clausa,
1105 2588 1243 2666 egestate
1264 2579 1373 2664 pabuli
1394 2579 1585 2659 exanimari}

255 2691 400 2756 adiacere
421 2710 555 2777 corpora
576 2694 755 2769 bominum,
791 2709 872 2780 quos
891 2691 1041 2769 vulnera,
1073 2710 1153 2780 quos
1175 2691 1242 2759 ritis
1262 2699 1457 2777 peremerat3
1486 2690 1588 2776 pollui

254 2813 367 2870 cunda
387 2807 493 2882 sanie,
516 2805 635 2883 odore,
671 2813 828 2872 contactu.
860 2809 1017 2891 rebusque
1038 2804 1170 2872 turbatis
1190 2803 1306 2871 malum
1328 2812 1502 2872 extremum
1522 2805 1623 2872 dis-sc

252 2917 360 2983 cordia
396 2920 544 2996 accessit,
575 2921 624 2984 bis
655 2917 862 2996 deditionem,
896 2918 965 2986 aliis
991 2927 1125 2986 mortem
1146 2928 1179 2986 et
1199 2925 1325 2985 mutuos
1345 2918 1429 2984 iuter
1449 2935 1484 2986 se
1504 2919 1586 2986 ictus

254 3029 445 3118 parantibus.
479 3040 512 3097 et
532 3039 622 3098 erant
640 3035 695 3120 qui
715 3053 781 3098 uon
801 3031 936 3098 inultum
958 3033 1087 3098 exitium
1108 3029 1164 3098 sed
1186 3032 1383 3120 eruptionem
1404 3034 1583 3112 suaderent,

318 3223 344 3272 t.
364 3233 440 3288 cosp.
460 3224 505 3276 ti:
532 3229 615 3287 comp.
635 3221 666 3273 B.
695 3250 728 3260 -
754 3213 781 3273 a.
802 3224 867 3287 odp.
886 3223 931 3274 lilt
962 3237 1025 3290 opp.
1045 3223 1077 3274 li·
1105 3248 1140 3259 -
1163 3222 1192 3274 4.
1207 3221 1365 3288 pretiribit
1382 3223 1481 3288 proelii
1497 3223 1529 3274 B.
1552 3249 1583 3262 -

248 3293 276 3344 5.
295 3293 409 3344 dmsctos
426 3293 465 3347 Μ.
496 3314 528 3331 ·-
549 3294 575 3345 i.
595 3300 684 3359 tempi.
702 3293 741 3346 M.
764 3319 795 3332 ·-
816 3295 931 3346 circeum
947 3293 983 3346 Μ.
1006 3321 1032 3332 ·-
1053 3293 1080 3346 i.
1099 3294 1200 3345 tillium
1217 3294 1255 3345 Μ.
1280 3319 1311 3332 -·
1331 3297 1374 3348 to.
1391 3294 1521 3356 proelium
1538 3291 1582 3348 tls

245 3365 378 3428 morbum
395 3365 427 3414 li.
448 3388 479 3402 -
498 3363 541 3415 13.
559 3365 635 3416 milio
652 3365 799 3416 Mamillio
818 3365 847 3415 tt.
869 3391 900 3402 -
920 3365 964 3417 14.
985 3365 1072 3416 llabct
1089 3371 1213 3431 ortoque,
1234 3377 1287 3416 nou
1306 3365 1427 3416 beroaldi
1446 3371 1582 3430 arctoque,

246 3433 286 3487 Μ.
315 3459 347 3470 -
375 3434 417 3486 17.
436 3435 569 3487 tedium
585 3436 633 3487 ils
663 3435 804 3486 imbellium
822 3436 854 3486 ll.
885 3459 913 3472 -
944 3436 1083 3499 timidaque
1106 3437 1154 3500 (stc
1178 3433 1300 3495 lunatim)
1318 3435 1356 3488 Μ.
1375 3438 1443 3487 Ante
1465 3435 1583 3497 Liparum

248 3505 363 3556 edebant
384 3507 462 3556 mmai
485 3520 579 3570 usqum
609 3507 680 3570 quod
703 3510 815 3560 conexit
833 3507 939 3569 Lipsius
961 3515 987 3558 et
1004 3507 1124 3558 Ursinus.
1143 3505 1230 3570 (amul
1247 3521 1329 3572 aquea
1348 3505 1484 3566 Waltlter,
1504 3507 1584 3556 sinaut

247 3578 307 3640 equi
322 3577 405 3629 attera
425 3578 511 3644 Lipsu
526 3580 693 3637 umectata,
713 3583 820 3640 recepta
837 3585 899 3632 ante
918 3578 1065 3632 petieram
1084 3585 1112 3632 et
1130 3579 1239 3642 probata
1259 3589 1274 3630 a
1292 3576 1504 3636 Doedartelnto.)

246 3734 288 3803 ts]
307 3739 355 3792 list
371 3751 472 3802 senus,
501 3744 617 3804 crepitus
640 3754 656 3794 a
678 3745 813 3794 concussis
840 3742 894 3794 telo
932 3755 984 3806 que
1002 3745 1045 3795 ilc
1063 3750 1220 3804 commotast
1250 3740 1333 3808 (quod
1360 3756 1384 3794 r.
1410 3753 1458 3806 per
1473 3753 1582 3805 neuqua

245 3821 337 3869 acutis.
358 3819 428 3872 Bar.
930 3824 1044 3875 retertur
1061 3826 1140 3876 attam
1156 3824 1190 3874 ad
1200 3825 1298 3888 marom
1316 3835 1363 3885 pro
1381 3818 1496 3887 duom.)
1513 3821 1582 3874 vida

279 3895 559 3964 comminemur]
575 3899 892 3964 urbicremarum,
930 3903 1102 3956 Poliorcetlea
1120 3909 1210 3955 uostn
1227 3903 1254 3954 a.
1268 3903 1336 3954 litat.
1350 3903 1377 3954 i.
1391 3903 1466 3954 Ltus.
1486 3901 1582 3954 nmi-

246 3989 277 4029 ac
294 3983 382 4030 atatim
394 3980 571 4030 &semiuiru-
590 4003 622 4018 -·
640 3979 833 4046 memorooilc.
846 3983 890 4034 tr.
930 3984 1017 4038 costr,
1047 3989 1169 4046 poropst.
1196 3983 1248 4034 Cir.
1271 3983 1339 4035 illst.
1358 3982 1391 4041 i,
1415 3981 1459 4035 id·
1484 3981 1581 4036 Caesar

247 4059 361 4117 austlta,
381 4071 451 4122 quac
473 4059 671 4112 Rhoemetalces
685 4061 839 4128 adduceret.
860 4085 890 4101 -
930 4063 961 4114 li.
982 4061 1015 4113 (i.
1037 4063 1070 4122 8,
1089 4064 1134 4125 i.,
1153 4063 1198 4114 ubl
1215 4064 1357 4116 oimtusom
1378 4062 1518 4115 loriculam
1541 4065 1579 4114 ta·

246 4135 317 4202 date]
338 4145 367 4189 ut
383 4151 474 4202 saepe,
490 4152 538 4201 pro
555 4141 705 4192 dummodo.
725 4141 893 4194 «Dummodo
929 4143 1028 4194 venias.
1048 4141 1122 4193 Curi.
1141 4141 1168 4202 9,
1183 4143 1233 4194 aa:
1253 4143 1372 4208 inpacto
1389 4145 1461 4194 muri
1480 4155 1581 4194 curcua

246 4219 384 4282 populatio
401 4220 467 4271 iutra
481 4219 552 4270 diem
566 4221 746 4281 cohiberetur,
761 4234 814 4273 nou
833 4235 893 4286 pro·
929 4229 1006 4280 eret:
1031 4235 1086 4273 oon
1100 4223 1218 4284 munos,
1245 4225 1315 4274 sunt
1331 4223 1415 4284 otitt,
1442 4223 1581 4289 [criptura

246 4299 388 4352 duceretur
405 4303 433 4351 in
450 4305 584 4351 norum.»
603 4301 712 4354 Duras.
725 4327 754 4339 -
769 4297 893 4366 mairie]
929 4303 984 4352 eius
1003 4300 1199 4364 distiuoeerout,
1226 4303 1272 4354 aad
1285 4310 1418 4367 perpetuo
1435 4302 1519 4353 ierim
1537 4301 1580 4353 ob·

247 4391 294 4442 pro
312 4379 425 4432 ablativo
442 4392 557 4441 caune,
587 4385 635 4431 ost
660 4393 751 4432 comeo
776 4389 801 4432 ct
829 4384 892 4433 eino
927 4382 1009 4432 ducto
1026 4382 1169 4433 teoracitseu
1186 4387 1330 4446 coaptaret.
1367 4382 1460 4448 Veqet.
1473 4381 1506 4441 i,
1526 4381 1577 4434 282

245 4471 292 4522 pro
309 4461 403 4513 dattrto
422 4461 691 4522 babatllocdcrtetu3
711 4461 738 4511 td
752 4461 892 4524 quodnon
929 4461 1079 4513 obprimes
1110 4461 1183 4512 otro
1214 4463 1316 4512 tectum
1341 4461 1387 4512 teti
1415 4461 1514 4526 tonost
1537 4461 1580 4524 io·

244 4543 342 4604 patitur
360 4546 409 4592 out
424 4542 493 4593 titud
511 4543 550 4593 sic
563 4545 696 4605 positum,
716 4554 784 4601 non,
804 4543 891 4595 utilia
927 4545 1000 4594 cium
1017 4555 1124 4606 acerque
1142 4554 1197 4592 oco
1213 4542 1297 4592 coium
1314 4543 1391 4593 culm
1413 4547 1438 4594 st
1459 4543 1578 4604 rudibus,

244 4624 296 4672 altr
312 4621 423 4672 hamulo
438 4635 537 4672 tommo
558 4628 607 4673 ost
622 4624 694 4673 cieo.
709 4648 739 4660 -
758 4627 834 4673 toute
850 4625 891 4674 io·
926 4621 974 4674 aad
991 4624 1070 4673 stium
1087 4622 1223 4672 tumeatis
1234 4621 1384 4679 instruunt.
1403 4626 1580 4686 &immpro-

242 4701 365 4765 {miss-
379 4699 490 4766 quante]
498 4701 662 4766 cogitatione
674 4702 768 4765 supple
781 4703 890 4754 irotiam
927 4702 998 4754 tibus
1022 4713 1055 4751 eo
1079 4703 1187 4752 cicitm
1209 4702 1311 4763 possiet
1334 4701 1473 4760 obtuterit
1509 4703 1579 4768 quod

277 4778 322 4830 ti.
351 4781 406 4830 ioue
422 4778 574 4844 muniebat]
593 4795 662 4846 quaa
680 4784 732 4831 tam
750 4789 815 4832 tunc
832 4793 891 4834 coe·
927 4793 993 4843 opos
1011 4779 1150 4830 loriculam
1166 4785 1270 4832 oceout.
1290 4781 1323 4832 itt
1339 4793 1435 4844 saepe,
1457 4793 1516 4833 eum
1534 4782 1579 4835 ob·

244 4864 319 4920 perat
345 4861 448 4911 munire
474 4859 585 4911 necdum
611 4859 765 4924 perierant.
807 4858 892 4912 Aliter
927 4860 996 4913 stilo
1015 4859 1190 4921 describitur,
1211 4862 1344 4913 lnreultur
1363 4864 1389 4912 lu
1407 4863 1523 4915 historiis
1541 4863 1579 4915 io·

243 4939 388 4990 lluetnart
418 4935 500 5000 «ιἀπι]
519 4951 606 4999 nune,
633 4939 695 4990 dum
713 4940 818 4991 barbari
837 4953 890 4994 uon
926 4938 1115 4991 manustram
1130 4952 1186 4991 esse
1200 4941 1438 4994 circumdatam-
1451 4941 1578 5010 ortoque]

243 5019 434 5070 accedebant.»
448 5015 638 5080 (immorabor,
652 5020 739 5079 uttt,
753 5019 797 5071 19.
811 5021 891 5072 maie·
927 5031 981 5071 non
1005 5025 1045 5070 ast
1072 5018 1152 5072 attat.
1180 5019 1236 5071 rell.
1264 5019 1365 5082 brici,
1396 5022 1442 5075 sed
1460 5030 1576 5076 accunt·

244 5094 473 5161 baticularii·
489 5098 850 5164 ioricmlertguumrailum
864 5108 891 5152 et
928 5098 1079 5163 tuerentur
1098 5111 1156 5151 cum
1184 5113 1209 5153 r·
1243 5099 1379 5162 clusura,
1400 5103 1577 5162 murima,

243 5191 352 5244 saepem
370 5193 401 5233 ar
413 5178 530 5232 cratibus
542 5184 588 5230 aut
598 5184 685 5243 saepto
697 5182 798 5242 intua,
817 5181 890 5234 ideo·
928 5193 998 5245 quae
1016 5183 1113 5233 artiora
1132 5192 1236 5248 semper
1253 5179 1376 5236 aetenae.
1392 5207 1424 5222 ·-
1441 5179 1576 5250 roburque]
