3734 5917
566 480 683 549 nrum
703 480 772 549 xv.
817 478 891 568 usp.
913 480 965 548 to.
989 481 1041 549 tt.
1066 484 1118 549 su,
1143 484 1194 550 ta.
1481 482 1549 551 eto

208 640 404 709 munimenta
424 638 573 729 Euphrati
595 640 733 730 inposita
752 643 980 719 retinerentur,
1002 662 1064 729 qna
1076 644 1258 729 proximum
1271 648 1304 709 et
1317 642 1547 709 commeab‘bns

209 761 273 821 non
295 774 446 841 egenum,
467 754 630 839 regionem
651 756 911 842 Commagenam,
935 756 1009 822 exin
1024 752 1270 844 Cappadociam,
1290 754 1364 822 inde
1378 754 1547 825 Armenios

208 868 330 953 petiuit.
362 866 593 935 comitabantur
614 868 803 946 exercitum,
824 875 952 954 praeter
972 868 1034 935 alia
1054 876 1143 936 sueta
1163 866 1265 948 ballo,
1286 888 1399 956 magna
1418 869 1469 937 ris
1491 891 1545 937 ca·

206 978 363 1049 melorum
379 988 490 1047 onusta
502 978 670 1059 frumenti,
692 990 728 1049 ut
742 984 835 1048 simul
848 984 973 1049 hostem
992 980 1172 1069 famemque
1194 984 1379 1071 depelleret.
1401 984 1541 1069 primum

208 1094 392 1179 eperculsis
413 1095 559 1163 Paccium
581 1093 733 1180 primiprli
752 1093 967 1163 centurionem
989 1094 1118 1163 obvium
1133 1096 1263 1175 babuit,
1285 1096 1358 1164 dein
1371 1098 1566 1184 plerosqucs

208 1206 360 1289 rnilitum,
393 1228 473 1295 qnos
495 1208 634 1277 diversas
653 1208 748 1295 fugas
769 1228 879 1277 causas
901 1207 1107 1276 obtendentes
1128 1208 1234 1277 redire
1254 1212 1296 1278 ad
1316 1212 1407 1298 signa
1428 1218 1461 1276 et
1480 1208 1543 1277 cla·

207 1322 357 1388 mendam
378 1323 465 1388 Paeti
486 1321 626 1407 experiri
647 1325 813 1389 monebat:
837 1342 871 1389 se
892 1324 953 1389 uisi
974 1318 1148 1390 ueteribus
1169 1322 1322 1392 immitem
1345 1328 1426 1394 esse.
1448 1324 1542 1390 simul

207 1454 279 1501 enas
300 1436 443 1520 legiones
465 1435 567 1510 adire,
596 1438 736 1513 borbat,
766 1436 910 1521 priorum
932 1436 1124 1514 admonere,
1147 1457 1261 1505 novam
1283 1436 1416 1522 gloriam
1438 1445 1543 1505 osten-

208 1546 295 1614 dere.
333 1569 397 1615 non
424 1546 510 1615 vicos
531 1556 586 1615 aut
606 1551 721 1636 oppida
743 1550 966 1616 Armeniorum
986 1546 1043 1615 sed
1064 1554 1167 1615 castra
1186 1552 1327 1617 Romana
1349 1548 1488 1639 duasque
1508 1552 1547 1616 in·

207 1660 246 1727 iis
266 1660 406 1745 legiones
428 1663 564 1749 pretinm
585 1663 704 1729 laboris
721 1665 799 1747 peti.
821 1664 849 1729 si
862 1661 993 1749 singulis
1014 1660 1265 1748 manipularibus
1285 1663 1457 1751 praecipua
1476 1684 1579 1733 seras

207 1776 271 1841 rati
292 1774 369 1841 civis
398 1795 515 1842 corona
542 1776 744 1862 imperatoria
769 1798 865 1843 mauu
888 1778 1094 1853 tribueretur,
1133 1763 1218 1863 guod
1238 1776 1316 1844 illud
1337 1784 1369 1844 et
1389 1784 1543 1866 quantum

207 1888 322 1966 decue,
358 1888 414 1953 ubi
435 1907 495 1975 par
515 1908 626 1955 eorum
653 1908 802 1955 numerus
829 1890 1041 1976 apisceretur,
1079 1893 1133 1976 qui
1149 1886 1336 1957 adtulissent
1354 1892 1487 1958 euntem
1509 1898 1546 1957 et

207 2001 263 2087 qui
284 2002 495 2087 accepisseult
519 2000 568 2068 bis
589 2009 684 2089 atqua
705 2000 818 2071 talibus
839 2004 873 2068 in
894 2022 1060 2069 commuue
1080 2004 1201 2070 altores
1224 2000 1267 2088 (et
1286 2013 1378 2071 eram
1391 2025 1472 2091 quos
1486 2025 1546 2092 pe-

205 2114 307 2183 ricula
327 2114 460 2181 fratrum
482 2122 536 2181 aut
557 2116 805 2202 propinquorum
819 2114 960 2204 propriis
973 2114 1106 2183 stimulis
1120 2116 1336 2198 incenderent)
1359 2118 1542 2185 continuum

207 2226 261 2294 diu
281 2238 439 2315 noctuque
460 2230 522 2295 iter
541 2227 764 2313 properabant.
809 2226 871 2315 (tt)
893 2250 997 2317 eoque
1017 2228 1167 2296 intentius
1197 2229 1369 2315 Vologeses
1396 2250 1579 2318 premerem

207 2345 372 2419 obsessos,
406 2344 502 2409 modo
532 2340 647 2408 vallum
675 2340 852 2427 legionum,
884 2339 980 2409 modo
1007 2340 1184 2419 castellum,
1216 2364 1281 2431 quo
1306 2340 1431 2411 inbellis
1457 2351 1542 2413 setas

207 2455 452 2535 defendebatur,
484 2457 687 2541 adpugnare,
720 2456 851 2544 propius
879 2456 1030 2523 incedens
1059 2476 1155 2543 mans
1181 2476 1251 2523 mos
1279 2456 1418 2541 Parthis,
1450 2459 1477 2524 si
1504 2477 1543 2525 ea

275 2637 302 2688 1..
322 2638 388 2702 aust·
406 2636 445 2691 id.
477 2664 505 2683 -·
533 2639 590 2701 tstp·
610 2639 658 2692 ile
676 2638 741 2702 imp.
760 2638 793 2689 B.
823 2663 853 2676 -
873 2636 899 2688 l.
919 2638 990 2689 sutas
1006 2638 1044 2692 it.
1063 2662 1097 2675 -
1112 2638 1140 2691 5.
1160 2638 1284 2694 Paccium
1300 2639 1347 2693 id:
1367 2640 1489 2694 Positum
1507 2638 1540 2693 B.

208 2730 240 2747 '⁸'
257 2707 285 2759 aa
305 2705 366 2773 sum
381 2706 421 2761 us
450 2734 480 2747 ““
507 2710 550 2760 1⁰·
567 2704 655 2774 fitium
671 2708 711 2762 Mo
736 2732 768 2747 ““
789 2709 832 2759 ms
853 2709 941 2761 nubet
959 2710 1119 2773 wimondi&
1135 2708 1175 2765 Μ·
1194 2734 1227 2747 ““’
1245 2711 1303 2761 ω·
1322 2710 1368 2762 ui
1387 2716 1436 2763 aas
1455 2710 1488 2764 B·
1511 2734 1539 2747 ‘¹

206 2778 250 2831 15.
272 2778 359 2829 ilabst
377 2781 425 2831 dias
440 2779 485 2840 bi,
517 2792 569 2831 uon
588 2780 629 2831 dte
646 2778 726 2843 Harl,
739 2778 814 2831 Bodl.
834 2778 887 2832 les.
907 2778 996 2831 tiocli·
1016 2778 1119 2833 Putem.
1151 2804 1182 2819 -
1209 2779 1300 2847 piatus
1317 2780 1356 2837 ii.
1390 2806 1418 2819 -
1451 2781 1495 2835 lc.
1512 2782 1543 2834 ist

206 2848 279 2901 bettts
296 2850 379 2903 dislss
398 2848 446 2912 id,
465 2850 574 2902 imbettt's
590 2848 623 2901 li.
641 2876 676 2887 -
694 2848 738 2901 l'l.
757 2852 820 2915 adp.
839 2850 885 2905 ida
905 2862 968 2915 opp.
986 2850 1018 2902 ii.

206 3009 246 3056 cst
264 3004 297 3069 Q.
315 3002 416 3059 Metelli
434 3005 622 3067 Macedonici,
649 3005 695 3069 qul
713 3007 740 3056 lu
760 3004 854 3065 iiisps·
891 3006 1116 3070 transponendum
1128 3006 1262 3060 suaderet.
1284 3006 1408 3073 Explicat
1427 3008 1477 3060 stit
1486 3020 1543 3072 pus·

205 3089 251 3137 ula
270 3088 388 3152 quinque
407 3086 547 3149 cobortes,
574 3098 643 3150 ausc
661 3086 780 3137 hostibus
800 3098 854 3136 ces·
892 3096 984 3136 somus
1014 3099 1139 3138 commus
1171 3088 1334 3151 memsam
1363 3087 1445 3141 decus
1475 3088 1545 3142 iilud

206 3173 312 3228 serant,
341 3173 527 3219 testamentum
554 3166 640 3220 lsccre
663 3168 747 3218 inesse
766 3166 799 3217 sd
817 3168 853 3217 lo·
892 3176 1004 3219 coronas
1042 3170 1160 3228 citicae,
1195 3164 1263 3220 καθ’
1288 3160 1458 3239 ὑπερβολὴν
1492 3180 1540 3233 pro

206 3257 267 3296 cunt
286 3248 496 3311 recuperandum
510 3248 597 3310 misit,
617 3248 730 3298 minatus
745 3258 787 3297 css
800 3257 855 3294 uon
890 3251 1057 3305 mercetur,-
1076 3259 1137 3299 uam
1149 3249 1237 3298 omnis
1251 3246 1316 3299 baec
1327 3244 1389 3297 xii.
1403 3248 1475 3299 mltis
1493 3249 1541 3299 lto·

205 3324 260 3375 nist
273 3332 335 3389 post
351 3328 493 3379 uictoriam
510 3328 696 3391 rscsptnms'rt
720 3326 853 3375 ileum-
891 3330 992 3378 minum
1017 3329 1062 3380 ilia
1085 3331 1142 3392 ipss
1166 3340 1264 3382 corona
1287 3327 1386 3379 donare
1405 3342 1447 3381 res
1465 3332 1541 3381 lusu·

205 3403 368 3471 praecipua]
388 3408 456 3460 inter
474 3420 584 3459 coronas
602 3406 728 3458 militares
745 3403 854 3457 nubliis·
892 3405 946 3458 dita
965 3414 991 3457 et
1009 3414 1117 3471 propter
1135 3407 1232 3459 tastum
1254 3409 1408 3470 pracsertim
1426 3408 1476 3459 sub
1487 3408 1541 3462 lle·

206 3485 484 3550 sima.l⁸iln.1e,t=
504 3490 720 3545 moicucoronn,
741 3486 854 3535 miiitum
891 3498 956 3538 rone
985 3486 1046 3539 duct
1076 3488 1126 3551 ipsi
1162 3487 1310 3551 periculosa
1340 3500 1404 3540 ssns
1436 3488 1539 3541 luisset.

206 3566 313 3616 uirtutis
329 3566 433 3632 tustpste
450 3568 633 3618 clarissimum.
652 3592 687 3603 -
715 3566 855 3629 imperato·
890 3568 959 3619 Turn
985 3570 1093 3630 exponit
1118 3566 1252 3629 Corbulo,
1289 3568 1425 3631 quomodo
1445 3580 1543 3633 possets

206 3644 367 3706 mannan]
395 3646 495 3699 Gellius
515 3650 622 3711 quidem
640 3649 677 3709 5,
696 3646 732 3698 tic
765 3646 854 3698 civico
890 3646 966 3699 illum
990 3660 1127 3699 numerum
1149 3647 1327 3710 intellexerit,
1354 3659 1446 3700 coruus
1470 3648 1541 3701 scill-

206 3736 308 3775 curostu
326 3726 493 3790 appellatur,
511 3742 588 3793 quum
607 3728 671 3778 cius's
684 3726 753 3788 moi,
772 3741 790 3777 c
803 3738 853 3789 quo
891 3735 950 3789 cet,
970 3730 1016 3791 qul
1029 3728 1188 3779 adtulissent
1204 3726 1316 3779 salute·
1335 3734 1361 3780 et
1378 3740 1471 3780 eorum
1491 3730 1543 3794 qut

205 3809 324 3856 secatus
341 3810 380 3855 ast
396 3807 424 3855 s'u
441 3806 559 3872 praello,
587 3812 675 3859 testem
691 3806 762 3857 cuae
784 3807 854 3857 sutas·
890 3809 1073 3869 accepissent:
1093 3806 1154 3867 sel,
1171 3810 1194 3859 si
1212 3810 1365 3860 mariscum
1378 3809 1538 3863 bnabucro:
1652 3846 1655 3850 -

207 3886 292 3950 iisque
307 3888 443 3949 perceptus
461 3887 519 3937 dut.
556 3886 654 3939 Verum
673 3889 752 3938 ctlsm
771 3885 853 3937 libere
891 3886 958 3937 «Ubi
985 3893 1072 3938 tantus
1101 3893 1172 3939 essct
1199 3900 1326 3940 numerus
1352 3901 1468 3954 comm,
1492 3892 1545 3956 qul·

206 3979 235 4017 rc
266 3965 371 4026 publica
399 3979 460 4017 cum
486 3965 519 4018 sd
538 3966 663 4019 bonorem
682 3967 853 4019 tribuendum
891 3967 1002 4019 salutent
1020 3967 1169 4019 attullssent
1193 3975 1220 4018 ct
1242 3970 1471 4031 coronandorum,
1500 3974 1541 4022 nl·

207 4048 373 4111 imperatoris
396 4047 524 4110 permissu
549 4058 616 4110 epus
642 4046 724 4100 iulsss
744 4060 854 4101 cousen-
890 4050 987 4099 mirum
1011 4060 1139 4097 numerus
1164 4059 1212 4110 par
1229 4049 1349 4101 retractls
1367 4050 1400 4103 ab
1420 4052 1538 4110 lutsrltu,

206 4132 315 4178 trucum
341 4132 399 4187 est;
436 4128 554 4191 alloquin
581 4128 652 4179 enlm
678 4135 731 4179 tarn
758 4127 853 4191 insigni
891 4130 937 4191 qul
963 4134 1038 4179 arsut
1060 4127 1177 4194 legiones
1201 4127 1298 4180 duta.»
1335 4128 1455 4181 i’crbcue
1474 4131 1541 4183 liur-

207 4207 307 4259 benere
336 4204 411 4259 lnclle
444 4207 517 4258 abuti
546 4210 694 4270 potuissent
723 4208 799 4258 amlcl
826 4208 853 4257 lu
892 4205 976 4258 neuls
1003 4207 1121 4259 censitae
1142 4209 1226 4259 serait
1242 4208 1366 4271 cuslenc
1385 4210 1408 4261 is
1420 4210 1488 4274 pour
1505 4206 1539 4261 asi

207 4290 321 4348 amicos,
341 4290 493 4349 praesertim
507 4285 552 4337 ubl
566 4292 646 4339 testes
659 4286 766 4345 idonei,
786 4298 854 4351 quos
890 4287 912 4336 tt
928 4299 946 4350 p
963 4288 1055 4340 aurcis
1072 4291 1170 4338 notant
1185 4288 1218 4336 ds
1231 4300 1376 4340 courostuss
1389 4290 1505 4353 mutum
1521 4286 1540 4340 d

206 4368 379 4431 interrogaret
391 4370 551 4430 imperator,
570 4381 623 4419 uon
635 4365 792 4419 adsuessent.
812 4364 851 4416 lle
890 4367 1034 4419 dt'slrtbsssr
1050 4368 1113 4433 pss’s‘i
1137 4380 1156 4431 p
1178 4367 1256 4418 caud
1275 4380 1308 4420 sts
1324 4368 1357 4418 tis
1374 4371 1490 4433 citopssts
1508 4383 1540 4421 sss

206 4448 357 4509 principum
374 4447 538 4509 temporibus
557 4461 588 4499 ex
606 4445 638 4503 3,
652 4446 697 4497 il.
725 4446 853 4497 disclusus
886 4444 968 4508 picit.
1005 4448 1069 4499 iiius
1093 4448 1290 4499 adnotationem
1313 4450 1440 4514 integram
1466 4446 1540 4501 dubl

207 4528 317 4578 civicam
347 4538 472 4579 coronam
498 4530 555 4578 turs
582 4525 746 4589 proconsulis
773 4525 853 4577 tribui
890 4539 948 4578 mus
966 4528 993 4578 lu
1013 4526 1131 4579 Excussa
1148 4528 1181 4580 sd
1201 4528 1227 4577 b.
1247 4526 1265 4579 l.
1285 4551 1317 4566 -
1346 4530 1376 4580 tn
1393 4526 1537 4594 coamens]

206 4609 335 4669 potuisse.
364 4604 418 4657 Cir·
438 4604 588 4657 suctim.
603 4602 647 4655 ³2.
676 4630 705 4643 -
727 4607 854 4669 apiscere·
889 4604 920 4671 ἐς
947 4603 983 4658 τὸ
1010 4603 1130 4667 κοινόν,
1171 4609 1361 4669 communiter,
1396 4610 1538 4671 universa:

206 4682 268 4750 tur]
297 4686 384 4738 Locus
412 4684 526 4738 dllticliis
554 4692 580 4737 ct
607 4685 640 4735 ab
667 4685 853 4747 interpretibus
892 4699 1034 4748 uomncss,
1054 4688 1133 4739 etlam
1152 4687 1191 4747 il,
1216 4700 1285 4753 quus
1305 4691 1404 4752 proprll
1423 4690 1540 4742 caritatis

205 4766 317 4817 multum
337 4772 462 4829 renatus,
493 4766 565 4820 reiut
591 4778 651 4817 curu
670 4766 774 4828 Lipsius
794 4778 854 4829 pro·
890 4766 989 4819 stimuli
1008 4779 1061 4819 nou
1080 4766 1263 4820 tuccudcraus.
1279 4787 1312 4806 -ι
1330 4764 1388 4833 dtu]
1406 4769 1451 4823 Sic
1467 4770 1536 4822 iilst.

206 4851 318 4908 poneret
335 4844 533 4909 suspiceretur,
552 4844 639 4897 litttcr
657 4860 682 4899 r.
695 4847 855 4909 apisceretur
890 4847 926 4909 2,
947 4848 983 4898 5:
1001 4853 1083 4898 coctas
1101 4847 1205 4913 diegus.

205 4930 238 4975 nt
262 4929 356 4979 slnanc
375 4932 403 4978 ct
420 4937 662 4988 supervacaneum»
694 4924 851 4986 secluderet,

205 5006 364 5058 Doederlein
393 5007 600 5069 capereretur
626 5009 728 5069 passisc
753 5006 852 5059 dictum
926 5004 970 5058 tt.
999 5002 1152 5071 castellum]
1181 5004 1359 5061 Arsamosata.
1390 5007 1421 5061 G.
1440 5008 1484 5064 lo.
1504 5034 1536 5051 ·-

204 5088 247 5140 sel
275 5086 329 5139 leui
357 5086 475 5139 remedio
498 5092 648 5139 correctum
673 5088 855 5149 apiscerentur
891 5084 1065 5152 adpupncrs]
1090 5093 1120 5138 ut
1136 5087 1169 5149 2,
1187 5087 1232 5139 et.
1251 5086 1356 5141 Primus
1375 5102 1390 5142 s
1407 5089 1481 5143 ilad-
1500 5088 1542 5157 (ct

206 5172 266 5232 post
291 5166 372 5223 rerba
396 5166 469 5235 guod
492 5164 559 5219 titud
582 5172 608 5221 st
630 5172 759 5233 meantum
776 5166 855 5219 decus
892 5164 975 5235 Spin.)
1003 5166 1077 5219 dedit
1093 5162 1228 5237 Plebeut,
1254 5173 1315 5223 aute
1338 5182 1418 5239 quent
1443 5175 1543 5227 celcris
