3734 5917
580 519 771 586 mariv.
814 519 889 606 cip.
913 521 964 585 ιι.
990 519 1040 586 ss.
1060 519 1114 585 ss.
1138 521 1190 586 oo.
1487 521 1549 588 aas

221 700 288 744 ram
311 698 481 765 suspensus
503 679 650 764 opposuit
670 697 740 746 sese
761 676 986 754 incidentibus,
1013 687 1106 766 atque
1133 675 1243 746 habitu
1264 681 1318 746 tali
1339 687 1483 765 repertus
1504 689 1551 748 est

220 813 240 856 a
260 791 411 858 militibus
432 791 488 879 qni
508 791 649 858 subsidio
670 801 832 858 venerant
882 794 982 858 maior
1008 813 1049 859 ex
1070 813 1126 874 eo;
1159 801 1191 859 et
1212 813 1399 882 quamquam
1420 795 1552 861 exitiosa

221 906 385 981 suaderet,
409 914 444 970 ut
464 925 529 970 non
550 907 598 971 sui
619 909 747 982 anxius,
770 926 841 970 cuna
862 903 924 971 lide
946 908 1144 973 audiebatur.
1183 907 1449 995 adsimulabatque
1471 907 1552 975 iudi-

222 1017 269 1082 cis
289 1027 395 1104 partes
417 1021 584 1084 adversum
608 1019 784 1084 Germanici
805 1019 949 1104 stirpem,
965 1017 1098 1086 subditis
1112 1025 1166 1106 qui
1188 1031 1413 1090 accusatorum
1427 1021 1552 1089 nomina

220 1131 425 1205 sustinerent,
447 1135 646 1218 maximeque
666 1133 894 1196 insectarentur
914 1137 1072 1200 Neronem
1094 1134 1272 1221 proximum
1294 1135 1484 1203 successioni
1505 1144 1575 1213 et,s

222 1264 413 1330 quamquam
442 1243 585 1310 modesta
612 1244 755 1319 iuventa,
787 1245 973 1332 plerumque
1006 1254 1111 1314 tamen
1137 1247 1213 1335 quid
1244 1251 1277 1314 in
1308 1249 1552 1336 praesentiarum

224 1356 414 1423 conduceret
445 1357 596 1435 oblitum,
630 1361 706 1424 dum
737 1379 756 1422 a
780 1357 901 1424 libertis
923 1367 954 1425 et
977 1359 1162 1439 clientibus,
1186 1361 1373 1446 apiscendae
1394 1362 1552 1450 potentiae

221 1473 381 1557 properis,
403 1471 619 1538 exstimulatur
639 1479 674 1537 ut
695 1481 834 1536 erectum
855 1471 1053 1541 allidentem
1075 1477 1171 1542 animi
1193 1475 1391 1543 ostenderet:
1416 1475 1496 1542 valle
1520 1477 1553 1542 id

221 1586 375 1670 populum
395 1588 586 1659 Romanum,
608 1605 723 1670 cupere
745 1585 922 1663 exercitus,
954 1608 1058 1673 neque
1079 1609 1229 1656 ausuram
1253 1599 1361 1656 contra
1383 1591 1551 1666 Seianum,

222 1698 278 1782 qui
298 1719 383 1763 nunc
403 1697 583 1784 patientiam
605 1698 688 1764 senis
710 1708 742 1763 et
763 1699 926 1785 segnitiam
948 1699 1070 1767 iuvenis
1096 1704 1183 1768 iuxta
1211 1703 1348 1797 insultet.
1391 1702 1451 1789 (tic)
1474 1705 1591 1773 haecne

222 1817 316 1897 alque
336 1811 412 1876 talia
432 1813 571 1877 audienti
591 1811 667 1876 nibil
689 1811 814 1898 quidem
836 1833 953 1898 prusae
974 1815 1192 1914 cogitationis:
1214 1815 1270 1882 sed
1290 1817 1447 1884 interdum
1460 1837 1554 1884 uoces

223 1921 436 2007 procedebant
464 1933 664 1990 contumaees
695 1933 727 1990 et
754 1927 965 2006 inconsultae,
987 1949 1064 2014 quas
1086 1929 1220 2015 adpositi
1242 1928 1387 1997 custodes
1409 1939 1555 2017 exceptas

223 2045 391 2123 nucusque
421 2059 492 2103 com
520 2039 695 2114 deferrent,
725 2061 829 2126 neque
854 2041 971 2106 Neroni
992 2041 1162 2109 deiende'ra
1184 2041 1322 2121 daretur,
1345 2041 1488 2110 diversae
1509 2043 1557 2110 in·

223 2170 321 2236 super
339 2149 584 2218 sollicitudinum
607 2150 728 2217 formae
749 2155 943 2220 oriebantur.
969 2175 1041 2221 narn
1062 2156 1143 2223 alius
1164 2175 1330 2222 occursum
1352 2157 1420 2223 eius
1442 2156 1538 2224 vitare
1545 2179 1555 2238 3

223 2261 352 2350 quidam
382 2263 568 2330 mlutetione
603 2264 726 2330 reddita
751 2271 853 2332 statim
878 2267 994 2347 arertl3
1024 2269 1167 2356 plerique
1191 2271 1351 2354 inceptum
1377 2290 1593 2341 sermonemrs

224 2377 421 2463 abrumpere,
443 2375 656 2444 insistentibus
680 2387 785 2444 contra
808 2379 1078 2470 inridentibusque
1105 2386 1158 2470 qai
1182 2377 1294 2450 Seiano
1322 2385 1460 2450 fautores
1483 2383 1556 2450 ade·

224 2498 304 2555 rant.
340 2492 499 2556 enimvero
522 2491 668 2556 Tiberius
691 2493 797 2558 torvus
821 2503 875 2560 aut
892 2493 1005 2562 falsum
1029 2495 1176 2563 renidens
1198 2497 1306 2564 vultu:
1333 2519 1390 2565 seu
1411 2497 1557 2584 loquere-

225 2610 277 2666 tur
306 2625 361 2667 seu
384 2611 502 2678 taceret
529 2604 668 2682 iuvenis,
695 2606 813 2672 crimen
843 2629 884 2673 ex
916 2607 1057 2687 silentio,
1083 2631 1124 2674 ex
1146 2628 1233 2675 voce.
1275 2632 1315 2676 ne
1340 2631 1405 2676 nox
1429 2612 1556 2696 quidem

225 2735 352 2792 mura,
369 2737 439 2780 casn
464 2737 547 2791 uror
568 2717 691 2802 uigilias
712 2740 839 2784 somnos
860 2721 996 2808 suspiria
1016 2724 1108 2788 matri
1122 2721 1229 2788 Liviae
1249 2731 1342 2810 atqua
1365 2725 1418 2788 illa
1442 2723 1556 2789 Seiano

294 2900 321 2949 a.
342 2899 400 2949 aar.
419 2897 465 2949 id:
485 2911 538 2949 aas.
558 2899 589 2947 tt.
616 2923 650 2934 -
667 2899 763 2950 iudicis
780 2899 824 2950 lte
845 2901 941 2952 indicis
958 2909 1065 2954 auctare
1083 2903 1186 2956 liureio
1204 2903 1234 2955 ti.
1258 2929 1288 2942 -
1306 2903 1334 2956 l.
1354 2905 1493 2955 ιάιιιιιιιιι
1508 2905 1556 2956 its

224 2970 353 3020 ιάιιιιιιι
378 2969 440 3020 1ιι1ι
459 2982 474 3019 ι
492 2969 621 3020 Beroaldo
646 2969 734 3029 Edd,
763 2975 840 3023 etiarn
859 2971 891 3020 ll.
921 2973 977 3023 Cur
994 2974 1092 3026 tcrnrae
1114 2975 1254 3026 aduersum
1271 2980 1324 3024 tarn
1352 2976 1461 3027 intentus
1479 2976 1558 3026 tuerit

225 3040 385 3099 llercaldas,
413 3045 513 3103 lanoso.
544 3065 573 3078 -
600 3041 627 3091 ll.
651 3043 786 3102 presentia
811 3056 870 3091 runa
895 3045 1021 3094 conducet
1047 3046 1083 3096 it.
1105 3046 1261 3098 Emendartt
1286 3045 1441 3098 Beroaldus.
1460 3069 1494 3084 -
1513 3045 1557 3097 11.

222 3124 307 3174 proce
322 3110 361 3163 ii.
384 3136 412 3150 -
433 3113 476 3160 ti.
497 3111 628 3175 adult:
648 3113 762 3176 appii.
784 3139 813 3150 -
834 3113 1134 3166 insanissimis.
1156 3141 1184 3154 -
1205 3115 1371 3168 aberanllt.

225 3287 296 3327 nam.
308 3301 341 3314 —
361 3271 514 3338 Fundanos]
526 3275 629 3335 Fundi,
643 3275 722 3327 bodie
734 3274 873 3326 fandi·
909 3275 1076 3342 sustinerent]
1096 3285 1184 3342 partes
1203 3282 1376 3342 susciperent.
1391 3301 1420 3314 -
1439 3279 1470 3328 in
1481 3290 1559 3341 pras·

224 3352 305 3423 penu]
324 3355 397 3407 ilaec
415 3359 513 3420 positio
530 3355 605 3407 tacite
625 3360 745 3417 eapitur,
763 3359 785 3406 st
805 3358 873 3419 eogi-
910 3355 1065 3422 sentiarum]
1087 3360 1264 3421 Explicantur
1279 3359 1433 3422 praesentia
1451 3370 1559 3418 rerump

226 3438 412 3488 miscentem
436 3439 463 3486 in
490 3437 557 3486 lecto
575 3436 730 3494 Tiberium,
758 3443 789 3486 ut
806 3435 874 3487 solr—
909 3438 975 3487 rnlra
1001 3438 1066 3488 baec
1090 3438 1200 3490 termula
1228 3443 1360 3500 reperitur
1386 3442 1436 3488 tam
1463 3436 1559 3489 indes

225 3515 289 3568 bant
310 3524 453 3567 vescentes.
473 3516 595 3567 Lars-
611 3514 709 3579 maiar}
729 3519 872 3580 potentior.
911 3515 1011 3568 Catone
1039 3515 1083 3580 (tt.
1103 3519 1136 3568 a.
1157 3519 1225 3580 til,
1244 3517 1284 3578 i.)
1314 3527 1402 3580 usquc
1424 3515 1457 3565 ad
1483 3515 1560 3566 sido-

228 3619 257 3634 —
287 3595 512 3660 adsimulabatque
541 3596 636 3647 iudicis
665 3593 772 3658 partes]
802 3595 872 3646 btrle
910 3601 983 3648 ntum
1002 3594 1098 3660 (Epist.
1116 3599 1148 3660 i,
1168 3596 1225 3661 dl:
1252 3597 1492 3660 apudiesrentnrn
1514 3595 1557 3646 58.

226 3680 386 3728 recentiores
412 3676 527 3726 editores
553 3684 662 3728 auclore
687 3676 814 3727 libertino
838 3674 872 3724 ad
910 3683 938 3728 et
954 3676 997 3726 it.
1018 3685 1058 3729 eat
1077 3681 1156 3730 etlam
1181 3677 1429 3740 depraesentiarum.
1452 3697 1480 3714 ·-
1505 3687 1561 3737 pa-

225 3770 309 3808 usum
334 3769 426 3808 antaee
450 3764 609 3819 receperunt
624 3757 722 3808 ilturetl
741 3759 873 3808 conlecta·
910 3757 1031 3808 stantiam
1047 3783 1059 3795 ·
1076 3783 1088 3795 ·
1105 3753 1222 3819 insultet]
1253 3759 1384 3807 rarlsslnra
1404 3767 1465 3806 aum
1484 3765 1561 3804 accu-

225 3852 281 3890 rsrn
300 3838 404 3888 indicis.
441 3837 545 3888 Codicis
563 3840 690 3900 scriptura
708 3840 873 3898 aptissimum
910 3843 958 3888 sat.
975 3839 1187 3898 construetione,
1207 3843 1238 3886 ut
1256 3835 1308 3887 Sal.
1323 3837 1424 3899 iream.
1444 3841 1495 3886 luc.
1513 3833 1558 3884 si.

226 3919 297 3970 bunc
316 3919 424 3979 praebet
445 3929 573 3972 sensu-s
604 3916 800 3977 «subornabat,
827 3919 873 3979 qui
911 3931 938 3979 p.
952 3918 1013 3968 250.
1031 3916 1120 3968 Gert:
1138 3916 1235 3966 multos
1253 3923 1341 3967 tamen
1359 3916 1392 3966 ab
1409 3914 1560 3968 ιᾱιιιιιιιιι·

227 3998 375 4050 Germanici
402 4001 510 4061 stirpem
534 4004 688 4050 accusarent
712 3998 781 4059 apud
800 4010 829 4048 se
848 4003 874 4047 et
910 3999 952 4048 tia
969 3997 1048 4048 bonas
1066 3997 1253 4047 insultaverat.

225 4078 363 4131 Tiberium
387 4077 432 4143 (ne
452 4086 529 4140 putas
546 4079 615 4140 apud
640 4075 786 4141 senatum);
818 4079 874 4138 ipse
945 4076 990 4128 titt,
1008 4091 1081 4128 oocss
1098 4071 1282 4140 monembant]
1302 4078 1559 4138 rarissimousupro

227 4159 325 4210 deinde
343 4171 403 4211 cum
415 4158 524 4210 Tiberio
543 4157 707 4210 consultabat
726 4166 752 4209 et
769 4165 874 4221 rogetus
912 4157 1020 4207 scibant
1037 4171 1070 4209 en
1087 4160 1141 4208 dus
1153 4170 1207 4206 cre.
1222 4179 1252 4194 ·-
1271 4159 1387 4220 insuper]
1407 4169 1458 4208 non
1474 4156 1560 4208 solnta

227 4242 385 4292 seutentiam
416 4239 538 4297 dicebat,
576 4244 710 4302 umquam
739 4238 772 4288 ab
801 4236 873 4287 omni
911 4236 1042 4290 delatores
1062 4250 1122 4289 eum
1142 4237 1355 4298 insectabantur,
1385 4245 1474 4289 contre
1493 4249 1560 4299 qnos

227 4323 341 4382 parilem
360 4320 594 4372 uindicaturus.»
613 4317 735 4369 Wsnrn.
759 4315 872 4368 Pbaedn
911 4316 1031 4368 detenslo
1051 4321 1075 4370 et
1098 4329 1221 4369 enumera
1241 4317 1311 4367 baud
1330 4323 1402 4377 erat,
1427 4318 1474 4368 aad
1493 4317 1560 4368 altae

226 4399 297 4452 Prot.
317 4399 350 4453 ad
370 4402 387 4451 Ι.
406 4401 439 4461 3,
457 4401 510 4451 dtr
532 4399 630 4463 Quodsi
646 4405 786 4449 aeeasator
803 4397 874 4446 alius
913 4405 1048 4458 praeterea
1067 4400 1130 4448 rarii
1150 4399 1252 4460 generis
1275 4396 1464 4448 sollicitudines
1482 4401 1561 4448 rotse-

226 4480 323 4532 sotem
340 4479 425 4544 soret,
444 4478 563 4530 sitatis
581 4478 668 4533 abus.
685 4479 786 4528 iudea
806 4476 874 4528 altus
911 4478 1121 4542 rumanpebant.
1140 4501 1172 4514 ·-
1185 4473 1379 4540 insolentibus]
1393 4478 1561 4530 subsistenti·

228 4559 356 4626 deniqas,
388 4561 505 4624 ilipnuns
529 4559 627 4623 [ιιιιιι
652 4568 706 4606 esse
727 4568 769 4606 sne
792 4557 875 4606 tantis
912 4557 1560 4620 bns,utetinsultarent:opponunturantemlls,

226 4639 315 4691 nolu.
352 4638 450 4692 Contra
467 4638 532 4690 dtclt
547 4637 651 4688 lttrterr
683 4635 798 4686 slndieis
816 4647 874 4697 par·
912 4639 957 4701 qul
976 4643 1062 4689 rtatim
1081 4637 1275 4690 avertebantur.
1303 4661 1338 4672 -
1365 4637 1464 4703 [oborn
1490 4639 1562 4688 reni·

227 4727 268 4773 ter
285 4733 313 4771 re
332 4733 392 4772 sera
410 4721 538 4780 sustinet,
564 4719 611 4780 qul
629 4716 739 4767 allorum
758 4715 874 4768 iocinore
912 4713 985 4780 dens]
1001 4723 1030 4768 ut
1049 4717 1151 4780 plenius
1164 4716 1311 4778 appuleius
1329 4715 1434 4767 blatii.
1450 4715 1558 4780 pillis

227 4812 244 4851 ι
261 4812 291 4853 ιι
308 4801 367 4867 lpse
391 4798 523 4861 erpiorata
550 4796 591 4850 rel
608 4795 716 4847 eilande
740 4803 874 4858 casaperta
910 4798 1031 4847 renidens
1043 4795 1176 4846 mtiabile
1187 4797 1244 4844 risa
1255 4796 1381 4861 maliana.
1400 4795 1454 4848 (its.
1467 4796 1559 4848 liorat.

228 4879 262 4932 ad
275 4880 420 4943 principem
433 4878 535 4936 deleri:
554 4876 601 4928 sed
621 4878 685 4938 qul,
704 4881 734 4926 ut
750 4875 873 4937 Seianus,
911 4875 945 4936 ³,
965 4876 1000 4927 a'i
1010 4910 1017 4938 ‚
1036 4875 1091 4926 cir
1108 4873 1238 4939 perfidam
1256 4875 1353 4926 ridens.
1386 4875 1432 4926 Sti.
1452 4875 1511 4928 ltal-
1530 4879 1558 4940 t,

228 4960 356 5012 subornat
380 4967 433 5011 tarn
461 4963 628 5010 accusatores
656 4969 736 5021 qnam
754 4958 874 5014 ertrnlne,
911 4955 979 5006 tilis:
1009 4965 1115 5006 ιιιιιιιι
1142 4953 1276 5004 arridens.
1309 4979 1338 4992 —
1375 4951 1460 5020 aner]
1492 4957 1560 5012 tulta

229 5053 299 5104 quae
317 5042 373 5103 lpse
399 5039 514 5100 indicat,
540 5041 561 5089 ts
586 5044 626 5090 eet
643 5037 821 5088 calumniator
838 5043 876 5086 at·
912 5035 991 5086 lirusl
1010 5035 1059 5094 ii.,
1087 5047 1155 5097 quae
1174 5033 1271 5086 Neroni
1290 5039 1390 5098 nupta3
1424 5047 1559 5102 quamque

231 5136 282 5185 que
310 5121 404 5171 indicte
431 5127 517 5182 partes
543 5130 596 5169 non
630 5119 681 5169 nlst
710 5115 873 5170 assimulat.»
914 5122 1003 5176 postea
1017 5113 1140 5165 Claudius
1160 5113 1317 5166 Messalinae
1336 5115 1397 5167 dolo
1415 5119 1558 5172 interiecit.

230 5201 362 5268 liquidem
380 5201 447 5254 tacta
465 5212 526 5253 enm
542 5198 690 5274 walthero.
711 5223 744 5237 -
768 5198 878 5250 nemim
913 5193 1405 5260 soenn.ctana.as.1uooo,1s.
1428 5196 1559 5250 ins.-
