3734 5917
593 539 711 606 amaa
731 539 800 606 xv.
846 536 918 622 eq.
941 539 994 605 es.
1019 539 1068 605 so.
1092 541 1143 606 ιι.
1468 541 1529 608 aaa

203 701 283 764 aaut.
305 697 419 762 eeterb
439 715 512 784 apes
532 718 572 763 ex
592 699 684 764 nuris
703 701 800 764 rebus
819 695 997 783 petebatur.
1020 695 1156 765 adscitae
1177 704 1251 765 sunt
1271 717 1366 786 anper
1380 697 1528 766 Subrium

204 818 236 874 et
255 808 442 896 Sulpicium,
472 813 518 878 de
547 808 662 895 quibus
689 809 814 887 rettuli,
847 813 998 878 militares
1025 831 1151 886 manus,
1186 813 1301 878 Gamna
1327 815 1469 880 Silvanus
1497 820 1529 879 ei

203 922 319 987 Statim
343 923 508 989 Proximus
535 921 654 990 tribuni
681 925 857 991 cohortium
884 927 1130 1011 praetoriarum,
1165 927 1317 991 Maximus
1342 927 1476 992 Scaurus
1498 933 1530 992 et

202 1036 339 1100 Venetus
361 1036 476 1102 Paulus
496 1041 704 1103 centuriones.
725 1036 781 1102 sed
802 1057 957 1104 summum
979 1040 1080 1104 robur
1099 1039 1132 1102 in
1145 1036 1260 1104 Faenio
1275 1035 1355 1104 Italo
1370 1037 1528 1124 praefecto

201 1149 387 1227 uidebatur,
425 1169 519 1235 quem
545 1149 609 1216 rita
634 1147 779 1235 ianuaque
804 1151 962 1216 laudatum
991 1169 1051 1234 per
1071 1151 1230 1218 saevitiam
1251 1149 1550 1236 inpudicitiamques

203 1259 375 1344 Tigellinus
395 1261 428 1326 in
455 1264 561 1328 animo
588 1261 739 1347 principis
767 1261 925 1339 anteibat,
958 1261 1170 1348 fatigabatque
1199 1261 1465 1330 criminationibus
1492 1285 1528 1328 ae

202 1393 296 1460 saepe
316 1375 349 1439 in
371 1382 488 1440 metum
509 1373 686 1442 adduxerat
706 1377 794 1461 quasi
819 1377 996 1442 adulterum
1016 1374 1206 1460 Agrippinae
1228 1383 1261 1441 et
1281 1375 1437 1442 desiderio
1461 1377 1528 1442 eius

200 1485 312 1551 ultioni
343 1486 504 1556 intentum.
541 1489 638 1572 igitur
665 1490 720 1554 ubi
747 1486 918 1554 coniuratis
945 1487 1138 1573 praelectum
1168 1508 1293 1575 quoque
1320 1490 1470 1575 praetorii
1498 1488 1530 1555 in

200 1605 306 1685 partes
326 1598 524 1667 descendisse
544 1599 658 1667 erebro
678 1600 777 1688 ipsius
798 1621 944 1668 sermone
964 1599 1045 1666 laeta
1072 1599 1168 1678 tides,
1203 1604 1376 1688 promptius
1405 1602 1468 1668 iam
1490 1601 1529 1668 de

199 1721 342 1798 tempore
367 1733 404 1779 ao
429 1713 500 1780 loeo
527 1712 632 1780 caedis
659 1715 827 1799 agitabant
865 1723 899 1779 et
923 1715 1044 1800 cepisse
1075 1715 1226 1800 impetum
1259 1713 1390 1782 Subrius
1417 1715 1566 1783 Flavusaa

199 1822 361 1891 terebatur
381 1826 413 1892 in
434 1847 529 1892 seena
543 1835 704 1894 canentem
718 1830 876 1902 Neronem
891 1824 1114 1910 adgrediendi,
1138 1835 1192 1894 aut
1206 1848 1275 1894 cam
1290 1827 1419 1894 ardente
1433 1827 1528 1896 domo

198 1957 259 2024 per
279 1946 404 2006 noctem
424 1943 486 2006 lane
503 1939 578 2006 illue
591 1947 733 2009 onasaret
745 1939 960 2008 incustoditus.
982 1941 1033 2004 bie
1048 1939 1170 2006 occasio
1185 1940 1379 2018 solitudinis,
1402 1941 1447 2007 ibi
1461 1941 1530 2028 ipsa

198 2048 377 2139 frequentia
396 2055 473 2118 uati
495 2052 620 2119 decoris
641 2051 729 2120 testis
742 2051 985 2140 pulcherrimum
1001 2052 1138 2120 aniumm
1153 2053 1444 2132 exstimulaverani,
1467 2053 1528 2120 nisi

199 2163 392 2249 impunitatis
413 2166 530 2250 eupido
550 2165 746 2239 retinuisset.
769 2168 889 2251 magnis
909 2186 1034 2254 semper
1055 2166 1217 2234 conatibus
1239 2165 1381 2234 adversa.
1406 2166 1467 2252 (st)
1482 2167 1529 2234 in·

198 2276 290 2344 brim
311 2277 528 2344 eunetantibns
547 2276 836 2365 prolatantibusque
856 2299 946 2363 spem
967 2300 1004 2344 ae
1026 2289 1162 2358 metum,
1185 2279 1346 2368 Epicharis
1361 2283 1563 2369 quaedamst

198 2391 355 2456 insertam
375 2411 511 2478 quonam
532 2394 627 2458 modo
650 2390 806 2458 sciscitata
827 2389 941 2479 (neque
963 2391 1008 2458 illi
1029 2401 1100 2459 ante
1122 2393 1184 2459 uda
1206 2414 1311 2460 rerum
1325 2395 1527 2461 honestarum

198 2523 275 2570 eura
293 2502 426 2590 inerat),
448 2503 622 2571 aseendere
643 2512 675 2570 et
693 2525 829 2589 arguere
849 2503 1045 2586 eonimatos;
1067 2526 1104 2571 ae
1126 2512 1318 2592 postremum
1335 2505 1527 2575 lentitudinis

267 2685 293 2736 2.
309 2685 544 2748 llabetStlvaaua,
562 2701 615 2738 non
628 2686 752 2749 satanas,
774 2687 813 2738 Μ.
837 2714 865 2726 -
881 2687 908 2738 d.
921 2685 1020 2739 faesio
1032 2687 1075 2738 iti:
1095 2685 1175 2739 Festo
1188 2688 1218 2738 ll.
1231 2687 1284 2740 Gir.
1294 2685 1363 2739 dnn.
1377 2688 1483 2748 thet.
1495 2711 1527 2725 -

197 2755 224 2807 5.
238 2757 314 2806 seuit.
328 2757 366 2808 at.
380 2781 414 2794 ·-
424 2759 480 2820 lap.
493 2757 523 2810 at
534 2772 541 2807 ι
552 2760 616 2820 imp.
632 2758 663 2809 B.
677 2785 706 2797 -
720 2759 747 2809 o.
761 2757 838 2824 tipitt.
848 2759 887 2810 Μ.
902 2782 933 2794 -
943 2758 970 2808 ’1.
981 2764 1053 2809 meta
1067 2757 1104 2809 Μ.
1125 2781 1156 2795 ·-
1173 2757 1199 2808 9.
1212 2761 1338 2810 sarmenta
1349 2760 1528 2810 accommoda-

198 2832 253 2878 tam
264 2826 297 2876 ad
311 2841 335 2878 a.
349 2829 432 2890 ipsius
441 2829 478 2880 Μ.
493 2827 645 2879 Geraestum
659 2832 686 2880 tn
700 2829 786 2882 Guelt.
798 2836 825 2880 et
837 2843 851 2879 a
863 2829 1019 2880 Puteolano.
1040 2829 1122 2878 Aliter
1135 2829 1161 2878 in
1174 2829 1259 2893 Spin:
1272 2830 1442 2891 sermonibus,
1456 2829 1527 2894 quod

198 2900 297 2958 recepit
314 2897 444 2951 Waltber.
467 2921 497 2934 -
516 2900 559 2948 ao.
572 2899 642 2965 {taus
656 2900 692 2951 at.
708 2926 736 2938 -
752 2901 796 2949 tt.
810 2899 897 2950 Habet
910 2899 1019 2950 ardenta
1030 2900 1105 2948 demo
1118 2899 1156 2949 Μ.
1173 2925 1201 2937 -
1217 2899 1258 2950 13.
1273 2903 1313 2950 An
1324 2901 1527 2962 pulcherrimum

197 2969 233 3019 ud
249 2968 354 3032 [adnue
371 2969 509 3020 animarat
528 2969 581 3021 Oa.
600 2994 634 3004 -
651 2971 871 3031 estimataaarat,
890 2982 1021 3033 superata.
1042 2969 1203 3032 penultimae
1228 2971 1329 3024 litterae
1347 2985 1366 3021 ιι
1384 2969 1422 3023 Μ.

196 3146 262 3203 ραις
278 3131 385 3184 demum
402 3133 557 3206 φροντίσι,
584 3139 745 3185 memoratae
763 3139 842 3198 atqua
883 3159 912 3171 -
931 3129 1068 3197 impetam]
1089 3133 1226 3184 eonsilium
1245 3135 1378 3186 nonsatis
1398 3132 1525 3195 eonaatto,

197 3211 366 3264 eonflrmatae
392 3227 406 3265 a
435 3212 501 3264 God.
528 3213 721 3277 ltebdigeriano
750 3227 842 3265 senaua
879 3213 926 3265 aad
945 3214 1067 3276 cupidius
1088 3218 1210 3275 eaptum,
1244 3215 1291 3264 atat
1316 3213 1348 3265 da
1373 3214 1450 3276 loeo,
1481 3213 1526 3264 ubi

198 3291 281 3343 etarna
298 3305 329 3342 aa
347 3294 502 3357 parapteuua
520 3292 566 3343 bie
582 3300 640 3344 est:
674 3292 842 3346 «Prolaratar
879 3293 1177 3356 exsequendumne,
1197 3292 1400 3357 ambigebat·
1418 3294 1527 3344 ardema

197 3384 211 3423 ι
238 3378 264 3422 te
291 3373 399 3424 tbeatria
423 3373 543 3423 duieibua
569 3370 607 3436 (id
637 3378 694 3433 eai,
723 3385 790 3437 quaa
814 3375 841 3424 in
879 3367 972 3436 domo]
1001 3371 1113 3424 Neronis
1139 3372 1228 3423 domui
1247 3384 1343 3423 aureae
1361 3375 1446 3436 tanam
1467 3374 1527 3422 init·

196 3452 389 3516 quinquennali
407 3456 549 3506 cartamine
563 3459 627 3503 tuae
647 3459 672 3503 te
689 3455 841 3505 recitantem
879 3464 939 3503 aere
957 3452 1153 3512 detumuerat,
1184 3459 1215 3502 ut
1237 3454 1263 3502 tn
1289 3452 1402 3503 tumultu
1428 3451 1471 3502 itte
1488 3451 1527 3504 ta·

197 3535 333 3592 tantopere
367 3531 494 3585 admirata
521 3531 593 3597 aunt)
621 3532 692 3585 Nero
719 3531 841 3596 (Neronis
879 3531 955 3581 eitius
975 3531 1177 3583 interficeretur.
1197 3529 1286 3582 Baua.
1322 3531 1371 3584 Vir
1389 3531 1466 3582 aliter
1484 3543 1527 3582 ea·

196 3608 253 3660 taus
280 3613 395 3664 earmina
414 3611 574 3674 praedicata)
601 3612 840 3676 ingrataa(pastea
879 3610 968 3673 piieari
988 3611 1162 3673 anapaesta
1193 3611 1242 3661 atat
1261 3611 1356 3661 mirum
1374 3611 1436 3660 mibi
1456 3612 1525 3661 aeet-

195 3692 223 3741 in
241 3685 277 3754 te)
296 3696 323 3742 et
338 3696 428 3742 aoatm
444 3689 617 3755 institorias„
633 3705 702 3755 quae
728 3692 840 3755 loquens
877 3689 935 3748 dit,
964 3689 1008 3739 tait
1034 3692 1061 3740 in
1089 3702 1151 3742 esau
1178 3688 1311 3741 Neronem
1329 3693 1386 3741 atne
1406 3689 1460 3740 utto
1479 3703 1525 3740 eu-

195 3770 348 3831 tudueiiur,
376 3768 454 3836 tlitna)
478 3771 610 3837 Orpbeus.
644 3771 787 3824 Suetonius
812 3773 839 3822 in
876 3769 951 3820 stede
981 3768 1097 3820 laturum
1117 3769 1215 3828 tulate,
1244 3772 1295 3820 nist
1321 3769 1387 3822 torta
1405 3771 1455 3823 boe
1473 3769 1524 3821 Su·

195 3853 248 3901 rita
266 3849 385 3902 Lucania
405 3850 495 3903 Prima
508 3853 799 3916 inpositeepm'meate
810 3852 839 3901 ta
877 3850 948 3901 brius
966 3850 1080 3910 sperarit
1098 3849 1130 3899 da
1150 3848 1241 3899 ultima
1259 3853 1316 3902 etna
1336 3856 1524 3902 consternatio·

194 3929 305 3982 Neronia
324 3929 446 3981 laudibus
469 3932 541 3982 dedit
568 3930 758 3996 quinquennali
786 3943 839 3981 eer-
876 3943 910 3982 ne
931 3940 961 3980 ae
980 3928 1176 3990 desperatione.
1222 3927 1299 3981 Certe
1327 3933 1405 3982 etiam
1424 3929 1457 3981 ad
1476 3942 1524 3981 ao·

194 4011 349 4062 tamine-
365 4009 570 4070 attitulatione]
589 4009 692 4061 averba
709 4010 839 4061 consulem
877 4016 983 4061 eturnaa
1009 4008 1064 4057 titas
1089 4009 1261 4070 grassationes
1290 4007 1352 4074 (tt,
1378 4004 1434 4073 25.)
1461 4021 1522 4062 eum

194 4091 362 4156 deaipaotum
380 4089 467 4151 pantio
486 4096 547 4142 ante
564 4089 653 4141 addita
669 4091 765 4151 repetit
777 4091 803 4140 b.
819 4089 836 4139 t.
877 4087 1017 4140 comitibus
1044 4087 1140 4138 exibat.
1176 4087 1216 4139 lie
1235 4087 1284 4138 atta
1303 4102 1355 4152 qua
1381 4089 1458 4140 domo
1482 4100 1523 4138 ar·

194 4169 316 4231 Tacitus,
347 4174 378 4220 nt
405 4170 566 4221 demonstrat
594 4169 751 4221 Lateranum
785 4181 837 4219 non
877 4165 1521 4230 deum,idest‚dealtbiortoincendio,eutua

194 4249 272 4300 modo
291 4250 389 4301 nuttam
406 4251 528 4300 iniuriam
547 4247 680 4301 allerona
692 4249 836 4310 aceeptus,
876 4247 1019 4310 speetaeutt
1038 4245 1130 4298 aridus
1149 4245 1258 4309 inisset,
1277 4249 1361 4309 aeeipt
1380 4260 1456 4311 potae
1469 4262 1522 4300 non

193 4330 240 4381 aed
266 4343 396 4381 summum
417 4333 496 4382 etiatu
515 4329 690 4390 beneficium,
720 4329 838 4381 consula·
876 4333 960 4389 puto;
1001 4327 1094 4377 otarius
1126 4327 1175 4376 boe
1206 4329 1375 4388 expressisset
1404 4326 1521 4382 Tacitus.

193 4410 411 4462 tumswmra.
430 4409 836 4474 ltepettttonembaudaqnoaeo,
875 4407 898 4458 l.
917 4408 961 4458 Fr.
981 4405 1105 4458 tlronurtt
1131 4404 1239 4456 madeat
1262 4407 1326 4458 uino
1352 4411 1422 4460 omni
1450 4415 1522 4461 earet

193 4492 240 4542 aad
268 4490 345 4553 glosa.
366 4493 392 4541 in
416 4489 597 4552 superioribus
620 4502 660 4542 rr·
684 4489 772 4541 rideo.
802 4513 837 4525 -
876 4487 1079 4550 probabilitata;
1099 4491 1125 4537 et
1143 4486 1214 4549 quod
1234 4485 1341 4538 lleretto
1360 4489 1386 4537 tu
1406 4496 1520 4540 mentem

192 4566 316 4633 moltitie]
334 4570 374 4622 Da
393 4571 521 4633 patbieta,
542 4575 572 4621 ut
590 4571 642 4628 11,
660 4569 687 4619 t.
875 4570 965 4626 venit,
982 4565 1206 4621 sordeatedomo,
1229 4567 1333 4617 «taedio
1346 4573 1432 4630 spreta
1444 4574 1471 4619 et
1483 4567 1519 4620 iu·

226 4651 269 4702 5⁰.
287 4652 363 4716 finem
381 4646 481 4713 αᾱιιιι]
500 4649 587 4712 Quem
606 4655 720 4701 cometes
733 4653 838 4711 porten-
873 4647 991 4706 attdttaa,
1002 4647 1517 4709 contortumartatquaonseurtsstraum.

192 4729 255 4782 dere
273 4743 304 4783 ae
321 4734 472 4794 promittere
491 4729 646 4782 credebatur
658 4743 666 4788 ;
685 4729 734 4782 etr.
747 4728 777 4782 C.
791 4729 835 4780 ti.
876 4750 907 4762 -
917 4725 1006 4789 pant.
1019 4720 1148 4788 animum]
1162 4723 1255 4777 llanea
1268 4726 1332 4777 baeu
1344 4726 1473 4780 ridentur.

192 4807 282 4862 Dono.
304 4835 333 4848 -
352 4806 452 4872 rettuli]
472 4808 502 4860 c.
519 4809 564 4860 ta.
583 4833 615 4846 -
633 4807 762 4860 mtiiteeea
781 4821 836 4860 mo·
907 4805 952 4857 51.
981 4818 1050 4868 pem
1069 4817 1100 4854 ue
1118 4799 1224 4867 metam]
1254 4811 1375 4857 conatum
1394 4819 1452 4857 eum
1470 4819 1518 4868 apa

190 4889 256 4951 aaa]
276 4889 441 4954 singulariter
457 4890 508 4940 boe
524 4889 622 4939 dietum
642 4901 689 4951 pro
706 4889 771 4938 utria
787 4889 836 4938 mt-
874 4897 904 4936 ae
922 4890 994 4936 metu
1015 4887 1195 4935 eoninnetum·
1220 4881 1288 4936 Ena.
1309 4911 1343 4920 -
1368 4883 1516 4950 adestote]

192 4968 323 5020 aarum
343 4991 377 5006 -
393 4965 504 5033 Faenio]
523 4966 590 5020 Cum
602 4969 695 5019 Foenit
712 4969 836 5030 permulti
872 4977 936 5017 sana
953 4978 983 5016 ea
996 4967 1098 5023 amteo;
1119 4963 1146 5014 td
1165 4962 1236 5026 quod
1255 4971 1322 5016 teate
1335 4979 1410 5031 seqq.
1432 4967 1516 5019 rerbta

192 5050 358 5110 reperiantur
381 5049 409 5100 in
432 5049 584 5109 inscripta,
613 5061 666 5099 non
684 5053 757 5107 arat,
788 5059 836 5098 eur
873 5045 1000 5109 signifieat
1018 5043 1126 5096 'laettua
1144 5044 1277 5106 seripturis
1296 5045 1413 5098 biatortat
1433 5045 1517 5111 digui-

192 5131 351 5182 rattnareinr
368 5127 435 5178 lidd.
454 5127 548 5178 Festo.
569 5151 598 5164 -
629 5129 660 5176 ta
676 5121 788 5190 ιιιιιιιιι]
807 5128 833 5178 tu
873 5127 932 5177 tatis
951 5123 1052 5189 abique
1070 5136 1180 5175 memor.
1195 5143 1229 5159 -
1246 5122 1397 5189 retrudere]
1416 5127 1448 5178 ad
1466 5140 1515 5180 ιιι·

192 5208 340 5278 perieulum
353 5209 403 5272 ipat
416 5208 636 5272 Faenionotnm,
654 5206 725 5260 unda
737 5212 832 5259 metus.
872 5205 975 5258 daetam
995 5203 1065 5258 tante
1085 5203 1279 5266 deliberantes,
1309 5216 1419 5272 ospitare
1444 5209 1516 5272 iqua·

240 5303 342 5363 'ledus
359 5301 381 5356 Ι.
1227 5301 1268 5368 37
